@book{Kuncak03,
 author    = {Viktor Kuncak and
               K. Rustan M. Leino},
  title     = {On computing the fixpoint of a set of boolean equations},
  journal   = {CoRR},
  volume    = {cs.PL/0408045},
  year      = {2004},
  url       = {http://arxiv.org/abs/cs.PL/0408045},
  timestamp = {Mon, 05 Dec 2011 18:05:38 +0100},
  biburl    = {http://dblp.uni-trier.de/rec/bib/journals/corr/cs-PL-0408045},
  bibsource = {dblp computer science bibliography, http://dblp.org}
}

@book{kauffman1993,
   title = "The origins of order : self organization and selection in evolution",
   author = "Kauffman, Stuart Alan",
   publisher = "Oxford university press",
   address = "New York",
   url = "http://opac.inria.fr/record=b1077782",
   isbn = "0-19-507951-5",
   year = 1993
}


@inproceedings{girard2012low,
  title={Low-complexity switching controllers for safety using
                  symbolic models},
  author={Girard, Antoine},
  booktitle={Proc. of IFAC Conference on Analysis and Design of Hybrid
                  Systems},
  pages={82--87},
  year={2012}
}

@inproceedings{Mitchell07,
  author    = {Mitchell, Ian M.},
  title     = {Comparing Forward and Backward Reachability as Tools
                  for Safety Analysis},
  booktitle = {Proc. of International Conference on Hybrid Systems:
                  Computation and Control},
  pages     = {428--443},
  year      = {2007},
}

@inproceedings{larsen2015online,
  title={Online and Compositional Learning of Controllers with
                  Application to Floor Heating},
  author={Larsen, Kim G and Miku{\v{c}}ionis, Marius and Muniz, Marco
                  and Srba, Jiri and Taankvist, Jakob Haahr},
  booktitle={Proc. of International Conference Tools and Algorithms
                  for Construction and Analysis of Systems},
  year={2016}
}


@article{gillula2011applications,
  title={Applications of hybrid reachability analysis to robotic aerial vehicles},
  author={Gillula, Jeremy H and Hoffmann, Gabriel M and Huang, Haomiao and Vitus, Michael P and Tomlin, Claire},
  journal={The International Journal of Robotics Research},
  pages={0278364910387173},
  year={2011},
  publisher={Sage Publications}
}



@book{liberzon2012switching,
  title={Switching in systems and control},
  author={Liberzon, Daniel},
  year={2012},
  publisher={Springer Science \& Business Media}
}

@book{jaulinbook,
  title={Applied Interval Analysis with Examples in Parameter and State Estimation, Robust Control and Robotics},
  author={Jaulin, L. and Kieffer, M. and Didrit, O. and Walter, E.},
  year={2001},
  publisher={Springer-Verlag}
}


@article{asarin2000effective,
  title={Effective synthesis of switching controllers for linear systems},
  author={Asarin, Eugene and Bournez, Olivier and Dang, Thao and
                  Maler, Oded and Pnueli, Amir},
  journal={Proceedings of the IEEE},
  volume={88},
  number={7},
  pages={1011--1025},
  year={2000},
}

@article{alur1999reactive,
  title={Reactive modules},
  author={Alur, Rajeev and Henzinger, Thomas A},
  journal={Formal Methods in System Design},
  volume={15},
  number={1},
  pages={7--48},
  year={1999},
  publisher={Springer}
}


@InProceedings{fribourg2015games,
  author ={Laurent Fribourg and Ulrich K{\"u}hne and Nicolas Markey},
  title ={{Game-based Synthesis of Distributed Controllers for Sampled
                  Switched Systems}},
  booktitle ={Proc. of International Workshop on Synthesis of Complex
                  Parameters},
  pages ={48--62},
  series ={OpenAccess Series in Informatics (OASIcs)},
  volume ={44},
}



@misc{octave,
key="Oct",
        title = {{Octave} {W}eb Page},
        howpublished = "{http://www.gnu.org/software/octave/}"
}

@article{cheng2010linear,
  title={A linear representation of dynamics of Boolean networks},
  author={Cheng, Daizhan and Qi, Hongsheng},
  journal={Automatic Control, IEEE Transactions on},
  volume={55},
  number={10},
  pages={2251--2258},
  year={2010},
  publisher={IEEE}
}

@article{hochma2013symbolic,
  title={Symbolic dynamics of Boolean control networks},
  author={Hochma, Gal and Margaliot, Michael and Fornasini, Ettore and Valcher, Maria Elena},
  journal={Automatica},
  volume={49},
  number={8},
  pages={2525--2530},
  year={2013},
  publisher={Elsevier}
}

@article{gao2013principle,
  title={Principle for performing attractor transits with single control in Boolean networks},
  author={Gao, Bo and Li, Lixiang and Peng, Haipeng and Kurths, J{\"u}rgen and Zhang, Wenguang and Yang, Yixian},
  journal={Physical Review E},
  volume={88},
  number={6},
  year={2013},
  publisher={APS}
}

@inproceedings{cheng2011boolean,
  title={On Boolean control networks -- an algebraic approach},
  author={Cheng, Daizhan and Qi, Hongsheng and Zhao, Yin},
  booktitle={Proceedings of IFAC World Congress},
  pages={8366--8377},
  year={2011}
}

@article{fribourg2014finite,
  title={Finite controlled invariants for sampled switched systems},
  author={Fribourg, Laurent and K{\"u}hne, Ulrich and Soulat, Romain},
  journal={Formal Methods in System Design},
  volume={45},
  number={3},
  pages={303--329},
  year={2014},
  publisher={Springer}
}


@unpublished{minimator,
	Author = {K\"uhne, Ulrich and Soulat, Romain},
	Note = {https://bitbucket.org/ukuehne/minimator/overview},
	Title = {MINIMATOR 1.0},
	Year = {2015}
}

@article{zhao2005remark,
  title={A remark on" Scalar equations for synchronous Boolean networks with biological Applications" by C. Farrow, J. Heidel, J. Maloney, and J. Rogers},
  author={Zhao, Qianchuan},
  journal={Neural Networks, IEEE Transactions on},
  volume={16},
  number={6},
  pages={1715--1716},
  year={2005},
  publisher={IEEE}
}

@article{zhang2007algorithms,
  title={Algorithms for finding small attractors in Boolean networks},
  author={Zhang, Shu-Qin and Hayashida, Morihiro and Akutsu, Tatsuya and Ching, Wai-Ki and Ng, Michael K},
  journal={EURASIP Journal on Bioinformatics and Systems Biology},
  volume={2007},
  number={1},
  pages={1--13},
  year={2007},
  publisher={Springer}
}

@article{wang2012boolean,
  title={Boolean modeling in systems biology: an overview of methodology and applications},
  author={Wang, Rui-Sheng and Saadatpour, Assieh and Albert, Reka},
  journal={Physical biology},
  volume={9},
  number={5},
  year={2012},
  publisher={IOP Publishing}
}

@article{kauffman1969metabolic,
  title={Metabolic stability and epigenesis in randomly constructed genetic nets},
  author={Kauffman, Stuart A},
  journal={Journal of theoretical biology},
  volume={22},
  number={3},
  pages={437--467},
  year={1969},
  publisher={Elsevier}
}

@inproceedings{fokkink1998verification,
  title={Verification of interlockings: from control tables to ladder logic diagrams},
  author={Fokkink, Wan and Hollingshead, Paul and Groote, J and Luttik, S and van Wamel, J},
  booktitle={Proceedings of FMICS},
  volume={98},
  pages={171--185},
  year={1998}
}

@article{akutsu2007control,
  title={Control of Boolean networks: hardness results and algorithms for tree structured networks},
  author={Akutsu, Tatsuya and Hayashida, Morihiro and Ching, Wai-Ki and Ng, Michael K},
  journal={Journal of Theoretical Biology},
  volume={244},
  number={4},
  pages={670--679},
  year={2007},
  publisher={Elsevier}
}

@inproceedings{akutio98,
author = "Akutsu and Kuhara and Maruyama and Miyano",
title = "Identification of Gene Regulatory Networks by Strategic Gene Disruptions and Gene Overexpressions",
booktitle = "{SODA}: {ACM}-{SIAM} Symposium on Discrete Algorithms (A Conference on Theoretical and Experimental Analysis of Discrete Algorithms)",
year = "1998",
url = "citeseer.nj.nec.com/akutsu98identification.html" }

@incollection{akutsu2008algorithms,
  title={Algorithms for inference, analysis and control of Boolean networks},
  author={Akutsu, Tatsuya and Hayashida, Morihiro and Tamura, Takeyuki},
  booktitle={Algebraic Biology},
  pages={1--15},
  year={2008},
  publisher={Springer}
}


@article{zhao2013aggregation,
  title={Aggregation algorithm towards large-scale Boolean network analysis},
  author={Zhao, Yin and Kim, Jongrae and Filippone, Maurizio},
  journal={Automatic Control, IEEE Transactions on},
  volume={58},
  number={8},
  pages={1976--1985},
  year={2013},
  publisher={IEEE}
}

@article{guo2014,
  title={A Parallel Attractor Finding Algorithm Based on Boolean Satisfiability for Genetic Regulatory Networks},
  author={Guo, W. and Yang, G. and Wu, W. and He, L. and Sun, M.},
  journal={PLoS ONE},
  volume={9},
  number={4},
  pages={},
  year={2014},
  publisher={}
}

@INPROCEEDINGS{Cousot01,
    author = {Patrick Cousot},
    title = {Compositional separate modular static analysis of programs by abstract interpretation},
    booktitle = {Proc. SSGRR 2001 -- Advances in Infrastructure for Electronic Business, Science, and Education on the Internet, 6 -- 10},
    year = {2001}
}

@incollection{Cousot98,
   author =    {Cousot, P{.}},
   title =     {The Calculational Design of a Generic Abstract Interpreter},
   booktitle = {Calculational System Design},
   editor =    {M{.} Broy and R{.} Steinbr{\"u}ggen},
   publisher = {NATO ASI Series F. IOS Press, Amsterdam},
   year =      1999,
}

@article{hhsc2015,
  title={A Parallel Attractor Finding Algorithm Based on Boolean Satisfiability for Genetic Regulatory Networks},
  author={Hong, C. and Hwang, J. and Cho, K.-H. and Shin, I.},
  journal={PLoS ONE},
  volume={10},
  number={12},
  pages={},
  year={2015},
  publisher={}
}


@article{DavisP60,
  author    = {Martin Davis and
               Hilary Putnam},
  title     = {A Computing Procedure for Quantification Theory},
  journal   = {J. {ACM}},
  volume    = {7},
  number    = {3},
  pages     = {201--215},
  year      = {1960},
  url       = {http://doi.acm.org/10.1145/321033.321034},
  doi       = {10.1145/321033.321034},
  timestamp = {Fri, 29 Feb 2008 08:13:22 +0100},
  biburl    = {http://dblp.uni-trier.de/rec/bib/journals/jacm/DavisP60},
  bibsource = {dblp computer science bibliography, http://dblp.org}
}

@inproceedings{BiereCCFZ99,
  author    = {Armin Biere and
               Alessandro Cimatti and
               Edmund M. Clarke and
               Masahiro Fujita and
               Yunshan Zhu},
  title     = {Symbolic Model Checking Using {SAT} Procedures instead of BDDs},
  booktitle = {{DAC}},
  pages     = {317--320},
  year      = {1999},
  url       = {http://doi.acm.org/10.1145/309847.309942},
  doi       = {10.1145/309847.309942},
  timestamp = {Mon, 16 Dec 2002 10:08:28 +0100},
  biburl    = {http://dblp.uni-trier.de/rec/bib/conf/dac/BiereCCFZ99},
  bibsource = {dblp computer science bibliography, http://dblp.org}
}

@inproceedings{NaldiTC07,
  author    = {Aur{\'{e}}lien Naldi and
               Denis Thieffry and
               Claudine Chaouiya},
  title     = {Decision Diagrams for the Representation and Analysis of Logical Models
               of Genetic Networks},
  booktitle = {Computational Methods in Systems Biology, International Conference,
               {CMSB} 2007, Edinburgh, Scotland, September 20-21, 2007, Proceedings},
  pages     = {233--247},
  year      = {2007},
  timestamp = {Tue, 21 Oct 2008 15:15:52 +0200},
  biburl    = {http://dblp.uni-trier.de/rec/bib/conf/cmsb/NaldiTC07},
  bibsource = {dblp computer science bibliography, http://dblp.org}
}


@article{wuenschediscrete,
  title={Discrete dynamical networks and their attractor basins},
  author={Wuensche, Andrew and others},
  journal={Complexity International},
  volume={6},
  pages={3--21},
  year={1998}
}


@inproceedings{dubrova2005kauffman,
  title={Kauffman networks: Analysis and applications},
  author={Dubrova, Elena and Teslenko, Maxim and Martinelli, Andres},
  booktitle={Proceedings of the 2005 IEEE/ACM International conference on Computer-aided design},
  pages={479--484},
  year={2005},
  organization={IEEE Computer Society}
}

@article{dubrova2011sat,
  title={A SAT-based algorithm for finding attractors in synchronous boolean networks},
  author={Dubrova, Elena and Teslenko, Maxim},
  journal={IEEE/ACM Transactions on Computational Biology and Bioinformatics (TCBB)},
  volume={8},
  number={5},
  pages={1393--1399},
  year={2011},
  publisher={IEEE Computer Society Press}
}

@incollection{kwiatkowska2010assume,
  title={Assume-guarantee verification for probabilistic systems},
  author={Kwiatkowska, Marta and Norman, Gethin and Parker, David and Qu, Hongyang},
  booktitle={Tools and Algorithms for the Construction and Analysis of Systems},
  pages={23--37},
  year={2010},
  publisher={Springer}
}

@incollection{cheung2004switched,
  title={Switched probabilistic I/O automata},
  author={Cheung, Ling and Lynch, Nancy and Segala, Roberto and Vaandrager, Frits},
  booktitle={Theoretical Aspects of Computing-ICTAC 2004},
  pages={494--510},
  year={2004},
  publisher={Springer}
}

@article{meyer2015safety,
  title={Safety control with performance guarantees of cooperative systems using compositional abstractions},
  author={Meyer, Pierre-Jean and Girard, Antoine and Witrant, Emmanuel},
  journal={IFAC-PapersOnLine},
  volume={48},
  number={27},
  pages={317--322},
  year={2015},
  publisher={Elsevier}
}

@incollection{chatterjee2007assume,
  title={Assume-guarantee synthesis},
  author={Chatterjee, Krishnendu and Henzinger, Thomas A},
  booktitle={Tools and Algorithms for the Construction and Analysis of Systems},
  pages={261--275},
  year={2007},
  publisher={Springer}
}

@incollection{alur2015pattern,
  title={Pattern-Based Refinement of Assume-Guarantee Specifications in Reactive Synthesis},
  author={Alur, Rajeev and Moarref, Salar and Topcu, Ufuk},
  booktitle={Tools and Algorithms for the Construction and Analysis of Systems},
  pages={501--516},
  year={2015},
  publisher={Springer}
}


@incollection{mcmillan1999circular,
  title={Circular compositional reasoning about liveness},
  author={McMillan, Kenneth L},
  booktitle={Correct Hardware Design and Verification Methods},
  pages={342--346},
  year={1999},
  publisher={Springer}
}

@inproceedings{le2016distributed,
  title={Distributed synthesis of state-dependent switching control},
  author={Le Co{\"e}nt, Adrien and Fribourg, Laurent and Markey, Nicolas and De Vuyst, Florian and Chamoin, Ludovic},
  booktitle={International Workshop on Reachability Problems},
  pages={119--133},
  year={2016},
  organization={Springer}
}


@unpublished{NXSYS,
  author={Greenberg, Bernard S.},
  title={NXSYS, Signaling and Interlocking Simulator},
  url={\url{http://www.nycsubway.org/wiki/NXSYS,\_Signalling\_and\_Interlocking\_Simulator}}
}

@article{akutsu2012finding,
  title={Finding a periodic attractor of a Boolean network},
  author={Akutsu, Tatsuya and Kosub, Sven and Melkman, Avraham A and Tamura, Takeyuki},
  journal={Computational Biology and Bioinformatics, IEEE/ACM Transactions on},
  volume={9},
  number={5},
  pages={1410--1421},
  year={2012},
  publisher={IEEE}
}

@article{bryant1986graph,
  title={Graph-based algorithms for boolean function manipulation},
  author={Bryant, Randal E},
  journal={Computers, IEEE Transactions on},
  volume={100},
  number={8},
  pages={677--691},
  year={1986},
  publisher={IEEE}
}


@book{Moore66,
	Author = {Moore, Ramon},
	Publisher = {Prentice Hall},
	Title = {Interval Analysis},
	Year = {1966}}

@article{Lohner87,
	Author = {Lohner, Rudolf J.},
	Journal = {Computer Arithmetic},
	Pages = {255-286},
	Title = {Enclosing the solutions of ordinary initial and
                  boundary value problems},
	Year = {1987}}


@article{Nedialkov,
	Author = {Nedialkov, Nedialko S. and Jackson, K. and Corliss,
                  Georges},
	Journal = {Appl. Math. and Comp.},
	Number = {1},
	Pages = {21 -- 68},
	Title = {Validated solutions of initial value problems for
                  ordinary differential equations},
	Volume = {105},
	Year = {1999}}


@inproceedings{DBLP:conf/hybrid/HenzingerHMW00,
	Author = {Henzinger, Thomas A. and Horowitz, Benjamin and Majumdar, Rupak and Wong-Toi, Howard},
	Booktitle = {Hybrid Systems: Computation and Control},
	Pages = {130-144},
	Publisher = {Springer},
	Series = {LNCS},
	Title = {Beyond {HYTECH}: Hybrid Systems Analysis Using Interval Numerical Methods},
	Volume = {1790},
	Year = {2000}}


@inproceedings{BM06,
	Author = {Bouissou, Olivier and Martel, Matthieu},
	Booktitle = {{Scientific Computing, Computer Arithmetic and
                  Validated Numerics}},
	Title = {{GRKLib: a Guaranteed Runge Kutta Library}},
	Year = {2006}}

@article{Makino2006346,
	Author = {Makino, Kyoko and Berz, Martin},
	Journal = {Nuclear Instruments and Methods in Physics Research
                  Section A: Accelerators, Spectrometers, Detectors
                  and Associated Equipment},
	Number = {1},
	Pages = {346 - 350},
	Title = {{COSY} {INFINITY} Version 9},
	Volume = {558},
	Year = {2006}}

@article{LiSt07,
	Author = {Lin, Youdong and Stadtherr, Mark A.},
	Journal = {Appl. Numer. Math.},
	Number = {10},
	Pages = {1145--1162},
	Title = {Validated solutions of initial value problems for
                  parametric ODEs},
	Volume = {57},
	Year = {2007}}

@inproceedings{Gajda:2008fk,
	Author = {Gajda, Karol and Jankowska, Ma{\l}gorzata and
                  Marciniak, Andrzej and Szyszka, Barbara},
	Booktitle = {Parallel Processing and Applied Mathematics},
	Pages = {1361-1371},
	Publisher = {Springer Berlin Heidelberg},
	Series = {LNCS},
	Title = {A Survey of Interval {R}unge--{K}utta and Multistep
                  Methods for Solving the Initial Value Problem},
	Volume = {4967},
	Year = {2008}}

@article{Kuhn:1998:RCO:287056.287083,
	Author = {K\"{u}hn, W.},
	Journal = {Computing},
	Number = {1},
	Pages = {47--67},
	Title = {Rigorously Computed Orbits of Dynamical Systems
                  Without the Wrapping Effect},
	Volume = {61},
	Year = {1998}}


@article{Rauh2009,
	Author = {Rauh, Andreas and Brill, Michael and G\"{u}Nther, Clemens},
	Journal = {International Journal on Applied Mathematical
                  Computation Science},
	Number = {3},
	Pages = {381--397},
	Title = {{A Novel Interval Arithmetic Approach for Solving
                  Differential-Algebraic Equations with
                  {ValEncIA-IVP}}},
	Volume = {19},
	Year = {2009}}


@article{LeGuernic2009,
	Author = {Colas Le Guernic and Antoine Girard},
	Journal = {Nonlinear Analysis: Hybrid Systems},
	Title = {Reachability analysis of linear systems using support
                  functions},
	Year = {2009}}

@article{Dang:2012:RAP,
	Author = {Thao Dang and Romain Testylier},
	Journal = {Reliable Computing},
	Month = {Dec},
	Number = {2},
	Pages = {128--152},
	Title = {Reachability Analysis for Polynomial Dynamical
                  Systems Using the {B}ernstein Expansion},
	Volume = {17},
	Year = {2012}}

@inproceedings{CAS12,
	Author = {Chen, Xin and Abraham, Erika and Sankaranarayanan, Sriram},
	Booktitle = {IEEE 33rd Real-Time Systems Symposium},
	Pages = {183--192},
	Publisher = {IEEE Computer Society},
	Title = {Taylor Model Flowpipe Construction for Non-linear
                  Hybrid Systems},
	Year = {2012}}


@article{Eggers:2012fk,
	Author = {Eggers, Andreas and Ramdani, Nacim and Nedialkov,
                  NedialkoS. and Fr{\"a}nzle, Martin},
	Journal = {Software and Systems Modeling},
	Pages = {1-28},
	Title = {Improving the SAT modulo ODE approach to hybrid
                  systems analysis by combining different enclosure
                  methods},
	Year = {2012}}

@inproceedings{BCD13,
	Author = {Bouissou, Olivier and Chapoutot, Alexandre and
                  Djoudi, Adel},
	Booktitle = {NASA Formal Methods},
	Number = {7871},
	Pages = {108--123},
	Publisher = {Springer},
	Series = {LNCS},
	Title = {Enclosing Temporal Evolution of Dynamical Systems
                  Using Numerical Methods},
	Year = {2013}}

@article{Dzetkulic:2015fk,
	Author = {Dzetkuli{\v c}, Tom{\'a}{\v s}},
	Journal = {Numerical Algorithms},
	Number = {1},
	Pages = {183-205},
	Title = {Rigorous integration of non-linear ordinary
                  differential equations in {Chebyshev} basis},
	Volume = {69},
	Year = {2015}}

@article{alexandreditsandretto:hal-01243044,
	Author = {Alexandre dit Sandretto, Julien and Chapoutot,
                  Alexandre},
	Journal = {{Reliable Computing}},
	Title = {{Validated Simulation of Differential Algebraic
                  Equations with Runge-Kutta Methods}},
	Volume = {22},
	Year = {2016}}


@article{alexandreditsandretto:hal-01243053,
	Author = {Alexandre dit Sandretto, Julien and Chapoutot,
                  Alexandre},
	Journal = {{Reliable Computing}},
	Title = {{Validated Explicit and Implicit Runge-Kutta
                  Methods}},
	Volume = {22},
	Year = {2016}}


@inproceedings{Bak2017,
	Author = {Bak, Stanley and Duggirala, Parasara Sridhar},
	Booktitle = {Tools and Algorithms for the Construction and
                  Analysis of Systems},
	Pages = {555--572},
	Publisher = {Springer Berlin Heidelberg},
	Title = {Rigorous Simulation-Based Analysis of Linear Hybrid Systems},
	Year = {2017}}

@inbook{Neumaier1993,
	Address = {Vienna},
	Author = {Neumaier, A.},
	Editor = {Albrecht, R. and Alefeld, G. and Stetter, H. J.},
	Pages = {175--190},
	Publisher = {Springer Vienna},
	Series = { Computing Supplementum },
	Title = {The Wrapping Effect, Ellipsoid Arithmetic, Stability and Confidence Regions},
	Year = {1993}}

@inproceedings{meyer2014ecc,
  title={Experimental Implementation of {UFAD} Regulation based on
                  Robust Controlled Invariance},
  author={Meyer, Pierre-Jean and Nazarpour, Hosein and Girard, Antoine
                  and Witrant, Emmanuel},
  booktitle={Proc. of European Control Conference},
  pages={1468--1473},
  year={2014},
}

@phdthesis{meyer:tel-01232640,
  TITLE = {{Invariance and symbolic control of cooperative systems for temperature regulation in intelligent buildings}},
  AUTHOR = {Meyer, Pierre-Jean},
  NUMBER = {2015GREAT076},
  SCHOOL = {{Universit{\'e} Grenoble Alpes}},
  YEAR = {2015},
  MONTH = Sep,
  KEYWORDS = {Cooperative system ; Robust controlled invariance ; Abstraction-based synthesis ; Compositional synthesis ; Intelligent building ; Syst{\`e}me coop{\'e}ratif ; Invariance contr{\^o}l{\'e}e robuste ; Synth{\`e}se {\`a} base d'abstraction ; Synth{\`e}se compositionnelle ; B{\^a}timent intelligent},
  TYPE = {Theses},
  HAL_ID = {tel-01232640},
  HAL_VERSION = {v1},
}

@article{donchev1998stability,
  title={Stability and Euler approximation of one-sided Lipschitz differential inclusions},
  author={Donchev, Tzanko and Farkhi, Elza},
  journal={SIAM journal on control and optimization},
  volume={36},
  number={2},
  pages={780--796},
  year={1998},
  publisher={SIAM}
}

@Inproceedings{SNR17,
  author    = {Le Co\"ent, Adrien and De Vuyst, Florian and Chamoin,
                  Ludovic and Fribourg, Laurent},
  year      = {2017},
  title     = {Control Synthesis of Nonlinear Sampled Switched Systems
                  using {E}uler's Method},
  booktitle = {Proc. of International Workshop on Symbolic and
                  Numerical Methods for Reachability Analysis},
  series    = {EPTCS},
  volume    = {247},
  publisher = {Open Publishing Association},
  pages     = {18-33},
}

@article{jiang1996lyapunov,
  title={A {L}yapunov formulation of the nonlinear small-gain theorem for interconnected ISS systems},
  author={Jiang, Zhong-Ping and Mareels, Iven MY and Wang, Yuan},
  journal={Automatica},
  volume={32},
  number={8},
  pages={1211--1215},
  year={1996},
  publisher={Elsevier}
}

@article{dahlquist1976error,
  title={Error analysis for a class of methods for stiff non-linear initial value problems},
  author={Dahlquist, Germund},
  journal={Numerical analysis},
  pages={60--72},
  year={1976},
  publisher={Springer}
}

@article{yang2015lyapunov,
  title={A Lyapunov-based small-gain theorem for interconnected switched systems},
  author={Yang, Guosong and Liberzon, Daniel},
  journal={Systems \& Control Letters},
  volume={78},
  pages={47--54},
  year={2015},
  publisher={Elsevier}
}

@book{atkinson2008introduction,
  title={An introduction to numerical analysis},
  author={Atkinson, Kendall E},
  year={2008},
  publisher={John Wiley \& Sons}
}

@article{asarin2007hybridization,
  title={Hybridization methods for the analysis of nonlinear systems},
  author={Asarin, Eugene and Dang, Thao and Girard, Antoine},
  journal={Acta Informatica},
  volume={43},
  number={7},
  pages={451--476},
  year={2007},
  publisher={Springer}
}

@inproceedings{chen2016decomposed,
  title={Decomposed Reachability Analysis for Nonlinear Systems},
  author={Chen, Xin and Sankaranarayanan, Sriram},
  booktitle={Proc. of IEEE Real-Time Systems Symposium},
  pages={13--24},
  year={2016},
}

@inproceedings{angeli2000lyapunov,
  title={A {L}yapunov approach to incremental stability},
  author={Angeli, David},
  booktitle={Proc. of IEEE Conference on Decision and Control,},
  volume={3},
  pages={2947--2952},
  year={2000},
}

@article{hespanha2008lyapunov,
  title={{L}yapunov conditions for input-to-state stability of
                  impulsive systems},
  author={Hespanha, Jo{\~a}o P and Liberzon, Daniel and Teel, Andrew R},
  journal={Automatica},
  volume={44},
  number={11},
  pages={2735--2744},
  year={2008},
  publisher={Elsevier}
}

@inproceedings{dallal2015compositional,
  title={On compositional symbolic controller synthesis inspired by
                  small-gain theorems},
  author={Dallal, Eric and Tabuada, Paulo},
  booktitle={Proc. of IEEE Conference on Decision and Control},
  pages={6133--6138},
  year={2015},
}

@inproceedings{kim2015compositional,
  title={Compositional controller synthesis for vehicular traffic networks},
  author={Kim, Eric S and Arcak, Murat and Seshia, Sanjit A},
  booktitle={Proc. of IEEE Annual Conference on Decision and Control},
  pages={6165--6171},
  year={2015},
}

@article{jiang1994small,
  title={Small-gain theorem for {ISS} systems and applications},
  author={Jiang, Z-P and Teel, Andrew R and Praly, Laurent},
  journal={Mathematics of Control, Signals, and Systems},
  volume={7},
  number={2},
  pages={95--120},
  year={1994},
  publisher={Springer}
}
