
@InProceedings{	  abbaszadeh2010,
  author	= {Abbaszadeh, M. and Marquez, H.J.},
  title		= {Nonlinear observer design for one-sided Lipschitz
		  systems},
  booktitle	= {Proceedings of the American Control Conference (ACC)},
  year		= {2010},
  pages		= {799--806},
  publisher	= {IEEE},
  doi		= {10.1109/ACC.2010.5530715}
}

@Book{		  affinea97,
  author	= {de Figueiredo, Luis Henrique and Stolfi, Jorge},
  publisher	= {IMPA/CNPq},
  series	= {Brazilian Mathematics Colloquium monographs},
  title		= {Self-Validated Numerical Methods and Applications},
  year		= {1997}
}

@Book{		  akf,
  title		= {Advanced Kalman filtering, least-squares and modeling: a
		  practical handbook},
  author	= {Gibbs, B. P.},
  year		= {2011},
  publisher	= {John Wiley \& Sons}
}

###Book{	  akf,
  title		= {Advanced Kalman filtering, least-squares and modeling: a
		  practical handbook},
  author	= {Gibbs, B. P.},
  year		= {2011},
  publisher	= {John Wiley \& Sons}
}

@InProceedings{	  akutio98,
  author	= "Akutsu and Kuhara and Maruyama and Miyano",
  title		= "Identification of Gene Regulatory Networks by Strategic
		  Gene Disruptions and Gene Overexpressions",
  booktitle	= "{SODA}: {ACM}-{SIAM} Symposium on Discrete Algorithms (A
		  Conference on Theoretical and Experimental Analysis of
		  Discrete Algorithms)",
  year		= "1998",
  url		= "citeseer.nj.nec.com/akutsu98identification.html"
}

@Article{	  akutsu2007control,
  title		= {Control of Boolean networks: hardness results and
		  algorithms for tree structured networks},
  author	= {Akutsu, Tatsuya and Hayashida, Morihiro and Ching, Wai-Ki
		  and Ng, Michael K},
  journal	= {Journal of Theoretical Biology},
  volume	= {244},
  number	= {4},
  pages		= {670--679},
  year		= {2007},
  publisher	= {Elsevier}
}

@InCollection{	  akutsu2008algorithms,
  title		= {Algorithms for inference, analysis and control of Boolean
		  networks},
  author	= {Akutsu, Tatsuya and Hayashida, Morihiro and Tamura,
		  Takeyuki},
  booktitle	= {Algebraic Biology},
  pages		= {1--15},
  year		= {2008},
  publisher	= {Springer}
}

@Article{	  akutsu2012finding,
  title		= {Finding a periodic attractor of a Boolean network},
  author	= {Akutsu, Tatsuya and Kosub, Sven and Melkman, Avraham A and
		  Tamura, Takeyuki},
  journal	= {Computational Biology and Bioinformatics, IEEE/ACM
		  Transactions on},
  volume	= {9},
  number	= {5},
  pages		= {1410--1421},
  year		= {2012},
  publisher	= {IEEE}
}

@InCollection{	  alessandri2001,
  title		= {Design of Luenberger observers for a class of hybrid
		  linear systems},
  author	= {Alessandri, A. and Coletta, P.},
  booktitle	= {Hybrid systems: computation and control},
  pages		= {7--18},
  year		= {2001},
  publisher	= {Springer}
}

###InCollection{  alessandri2001,
  title		= {Design of Luenberger observers for a class of hybrid
		  linear systems},
  author	= {Alessandri, A. and Coletta, P.},
  booktitle	= {Hybrid systems: computation and control},
  pages		= {7--18},
  year		= {2001},
  publisher	= {Springer}
}

@Article{	  alessandri2007luenberger,
  title		= {Luenberger observers for switching discrete-time linear
		  systems},
  author	= {Alessandri, A. and Baglietto, M. and Battistelli, G.},
  journal	= {International Journal of Control},
  volume	= {80},
  number	= {12},
  pages		= {1931--1943},
  year		= {2007},
  publisher	= {Taylor \& Francis}
}

###Article{	  alessandri2007luenberger,
  title		= {Luenberger observers for switching discrete-time linear
		  systems},
  author	= {Alessandri, A. and Baglietto, M. and Battistelli, G.},
  journal	= {International Journal of Control},
  volume	= {80},
  number	= {12},
  pages		= {1931--1943},
  year		= {2007},
  publisher	= {Taylor \& Francis}
}

@Article{	  alexandre2016validated,
  author	= {Alexandre dit Sandretto, Julien and Chapoutot, Alexandre},
  title		= {Validated Explicit and Implicit Runge-Kutta Methods},
  journal	= {Reliable Computing},
  year		= {2016},
  volume	= {22},
  pages		= {79-103}
}

@InProceedings{	  alexandre_pi,
  author	= {Alexandre dit Sandretto, Julien and Chapoutot, Alexandre
		  and Mullier, Olivier},
  booktitle	= {Synthesis of Complex Parameters},
  pages		= {91--102},
  publisher	= {Schloss Dagstuhl--Leibniz-Zentrum fuer Informatik},
  series	= {OpenAccess Series in Informatics (OASIcs)},
  title		= {{Tuning PI controller in non-linear uncertain closed-loop
		  systems with interval analysis}},
  volume	= {44},
  year		= {2015}
}

@Article{	  alexandreditsandretto:hal-01243044,
  author	= {Alexandre dit Sandretto, Julien and Chapoutot, Alexandre},
  journal	= {{Reliable Computing}},
  title		= {{Validated Simulation of Differential Algebraic Equations
		  with Runge-Kutta Methods}},
  volume	= {22},
  year		= {2016}
}

@Article{	  alexandreditsandretto:hal-01243053,
  author	= {Alexandre dit Sandretto, Julien and Chapoutot, Alexandre},
  journal	= {{Reliable Computing}},
  title		= {{Validated Explicit and Implicit Runge-Kutta Methods}},
  volume	= {22},
  year		= {2016}
}

@InProceedings{	  alt08,
  title		= {Verification of uncertain embedded systems by computing
		  reachable sets based on zonotopes},
  author	= {Althoff, M. and Stursberg, O. and Buss, M.}
}

###InProceedings{ alt08,
  title		= {Verification of uncertain embedded systems by computing
		  reachable sets based on zonotopes},
  author	= {Althoff, M. and Stursberg, O. and Buss, M.}
}

@InProceedings{	  althoff2013a,
  author	= {Althoff, Matthias},
  booktitle	= {Hybrid Systems: Computation and Control},
  pages		= {173-182},
  title		= {Reachability Analysis of Nonlinear Systems using
		  Conservative Polynomialization and Non-Convex Sets},
  year		= {2013}
}

@InProceedings{	  althoff2013reachability,
  title		= {Reachability analysis of nonlinear systems using
		  conservative polynomialization and non-convex sets},
  author	= {Althoff, Matthias},
  booktitle	= {Proceedings of the 16th international conference on Hybrid
		  systems: computation and control},
  pages		= {173--182},
  year		= {2013},
  organization	= {ACM}
}

@Article{	  alur1999reactive,
  title		= {Reactive modules},
  author	= {Alur, Rajeev and Henzinger, Thomas A},
  journal	= {Formal Methods in System Design},
  volume	= {15},
  number	= {1},
  pages		= {7--48},
  year		= {1999},
  publisher	= {Springer}
}

@InCollection{	  alur2015pattern,
  title		= {Pattern-Based Refinement of Assume-Guarantee
		  Specifications in Reactive Synthesis},
  author	= {Alur, Rajeev and Moarref, Salar and Topcu, Ufuk},
  booktitle	= {Tools and Algorithms for the Construction and Analysis of
		  Systems},
  pages		= {501--516},
  year		= {2015},
  publisher	= {Springer}
}

@InProceedings{	  angeli2000lyapunov,
  title		= {A {L}yapunov approach to incremental stability},
  author	= {Angeli, David},
  booktitle	= {Proc. of IEEE Conference on Decision and Control,},
  volume	= {3},
  pages		= {2947--2952},
  year		= {2000}
}

@Article{	  antoulas-sorensen-gugercin00,
  author	= {A. Antoulas and D. C. Sorensen and S. Gugercin},
  title		= {A survey of model reduction methods for large-scale
		  systems},
  journal	= {Contemporary Mathematics},
  volume	= {280},
  number	= {},
  year		= {2000},
  pages		= {193-219},
  bibsource	= {DBLP, http://dblp.uni-trier.de}
}

###Article{	  antoulas-sorensen-gugercin00,
  author	= {A. Antoulas and D. C. Sorensen and S. Gugercin},
  title		= {A survey of model reduction methods for large-scale
		  systems},
  journal	= {Contemporary Mathematics},
  volume	= {280},
  number	= {},
  year		= {2000},
  pages		= {193-219},
  bibsource	= {DBLP, http://dblp.uni-trier.de}
}

@Article{	  antoulas2001,
  abstract	= {In this paper we review the state of affairs in the area
		  of approximation of large-scale systems. We distinguish
		  three basic categories, namely the SVD-based, the
		  Krylov-based and the SVD-Krylov-based approximation
		  methods. The first two were developed independently of each
		  other and have distinct sets of attributes and drawbacks.
		  The third approach seeks to combine the best attributes of
		  the first two.},
  author	= {Antoulas, A. and Sorensen, D. C.},
  journal	= {International Journal of Applied Mathematics and Computer
		  Science},
  keywords	= {SVD; Krylov; model reduction; Hankel; balancing; singular
		  value decomposition; Krylov-based approximation;
		  approximation of large-scale systems},
  language	= {eng},
  number	= {5},
  pages		= {1093-1121},
  publisher	= {University of Zielona Gora Press},
  title		= {Approximation of large-scale dynamical systems: an
		  overview},
  volume	= {11},
  year		= {2001}
}

###Article{	  antoulas2001,
  abstract	= {In this paper we review the state of affairs in the area
		  of approximation of large-scale systems. We distinguish
		  three basic categories, namely the SVD-based, the
		  Krylov-based and the SVD-Krylov-based approximation
		  methods. The first two were developed independently of each
		  other and have distinct sets of attributes and drawbacks.
		  The third approach seeks to combine the best attributes of
		  the first two.},
  author	= {Antoulas, A. and Sorensen, D. C.},
  journal	= {International Journal of Applied Mathematics and Computer
		  Science},
  keywords	= {SVD; Krylov; model reduction; Hankel; balancing; singular
		  value decomposition; Krylov-based approximation;
		  approximation of large-scale systems},
  language	= {eng},
  number	= {5},
  pages		= {1093-1121},
  publisher	= {University of Zielona Gora Press},
  title		= {Approximation of large-scale dynamical systems: an
		  overview},
  volume	= {11},
  year		= {2001}
}

@Article{	  ar12,
  author	= {Auer, Ekaterina and Rauh, Andreas},
  journal	= {Computing},
  number	= {2-4},
  pages		= {163-172},
  title		= {VERICOMP: a system to compare and assess verified IVP
		  solvers},
  volume	= {94},
  year		= {2012}
}

@Article{	  asa00,
  author	= {Asarin, E. and Bournez, O. and Thao, D. and Maler, O. and
		  Pnueli, A.},
  journal	= {Proceedings of the IEEE},
  title		= {Effective synthesis of switching controllers for linear
		  systems},
  year		= {2000},
  month		= {July},
  volume	= {88},
  number	= {7},
  pages		= {1011-1025},
  keywords	= {control system synthesis;controllability;iterative
		  methods;linear differential equations;linear
		  systems;reachability analysis;variable structure
		  systems;continuous systems;effective switching controller
		  synthesis;hybrid systems;iterative computation;linear
		  differential equations;linear systems;reachability
		  analysis;reachable states;Concrete;Control system
		  synthesis;Control systems;Differential equations;Iterative
		  algorithms;Linear systems;Mathematical
		  model;Mathematics;Signal sampling;Switches},
  doi		= {10.1109/5.871306},
  issn		= {0018-9219}
}

###Article{	  asa00,
  author	= {Asarin, E. and Bournez, O. and Thao, D. and Maler, O. and
		  Pnueli, A.},
  journal	= {Proceedings of the IEEE},
  title		= {Effective synthesis of switching controllers for linear
		  systems},
  year		= {2000},
  month		= {July},
  volume	= {88},
  number	= {7},
  pages		= {1011-1025},
  keywords	= {control system synthesis;controllability;iterative
		  methods;linear differential equations;linear
		  systems;reachability analysis;variable structure
		  systems;continuous systems;effective switching controller
		  synthesis;hybrid systems;iterative computation;linear
		  differential equations;linear systems;reachability
		  analysis;reachable states;Concrete;Control system
		  synthesis;Control systems;Differential equations;Iterative
		  algorithms;Linear systems;Mathematical
		  model;Mathematics;Signal sampling;Switches},
  doi		= {10.1109/5.871306},
  issn		= {0018-9219}
}

@Article{	  asarin2000effective,
  title		= {Effective synthesis of switching controllers for linear
		  systems},
  author	= {Asarin, Eugene and Bournez, Olivier and Dang, Thao and
		  Maler, Oded and Pnueli, Amir},
  journal	= {Proceedings of the IEEE},
  volume	= {88},
  number	= {7},
  pages		= {1011--1025},
  year		= {2000},
  publisher	= {IEEE}
}

@Article{	  asarin2007hybridization,
  title		= {Hybridization methods for the analysis of nonlinear
		  systems},
  author	= {Asarin, Eugene and Dang, Thao and Girard, Antoine},
  journal	= {Acta Informatica},
  volume	= {43},
  number	= {7},
  pages		= {451--476},
  year		= {2007},
  publisher	= {Springer}
}

@Book{		  astrom2010feedback,
  title		= {Feedback systems: an introduction for scientists and
		  engineers},
  author	= {Astr{\"o}m, Karl Johan and Murray, Richard M.},
  year		= {2010},
  publisher	= {Princeton university press}
}

@Book{		  atkinson2008introduction,
  title		= {An introduction to numerical analysis},
  author	= {Atkinson, Kendall E},
  year		= {2008},
  publisher	= {John Wiley \& Sons}
}

@Article{	  azam1994nonlinear,
  title		= {Nonlinear rotational maneuver and vibration damping of
		  NASA SCOLE system},
  author	= {Azam, M. and Singh, S. N. and Iyer, A. and Kakad, Y.P.},
  journal	= {Acta Astronautica},
  volume	= {32},
  number	= {3},
  pages		= {211--220},
  year		= {1994},
  publisher	= {Elsevier}
}

###Article{	  azam1994nonlinear,
  title		= {Nonlinear rotational maneuver and vibration damping of
		  NASA SCOLE system},
  author	= {Azam, M. and Singh, S. N. and Iyer, A. and Kakad, Y.P.},
  journal	= {Acta Astronautica},
  volume	= {32},
  number	= {3},
  pages		= {211--220},
  year		= {1994},
  publisher	= {Elsevier}
}

@InProceedings{	  bak2017,
  author	= {Bak, Stanley and Duggirala, Parasara Sridhar},
  booktitle	= {Tools and Algorithms for the Construction and Analysis of
		  Systems},
  pages		= {555--572},
  publisher	= {Springer Berlin Heidelberg},
  title		= {Rigorous Simulation-Based Analysis of Linear Hybrid
		  Systems},
  year		= {2017}
}

@Article{	  bartha2014903,
  author	= {Bartha, Ferenc A. and Munthe-Kaas, Hans Z.},
  journal	= {Discrete and Continuous Dynamical Systems},
  number	= {3},
  pages		= {903-914},
  title		= {Computing of {B}-series by automatic differentiation},
  volume	= {34},
  year		= {2014}
}

@InProceedings{	  bc12,
  author	= {Bouissou, Olivier and Chapoutot, Alexandre},
  booktitle	= {Languages, Compilers and Tools for Embeddeed Systems},
  publisher	= {ACM},
  title		= {An Operational Semantics for {S}imulink's Simulation
		  Engine},
  year		= {2012}
}

@InProceedings{	  bcd13,
  author	= {Bouissou, Olivier and Chapoutot, Alexandre and Djoudi,
		  Adel},
  booktitle	= {NASA Formal Methods},
  number	= {7871},
  pages		= {108--123},
  publisher	= {Springer},
  series	= {LNCS},
  title		= {Enclosing Temporal Evolution of Dynamical Systems Using
		  Numerical Methods},
  year		= {2013}
}

@InProceedings{	  beccuti2005optimal,
  title		= {Optimal control of the boost {DC-DC} converter},
  author	= {Beccuti, Andrea Giovanni and Papafotiou, Georgios and
		  Morari, Manfred},
  booktitle	= {Decision and Control, 2005 and 2005 European Control
		  Conference. CDC-ECC'05. 44th IEEE Conference on},
  pages		= {4457--4462},
  year		= {2005},
  organization	= {IEEE}
}

@Article{	  benner2008numerical,
  title		= {Numerical solution of large-scale Lyapunov equations,
		  Riccati equations, and linear-quadratic optimal control
		  problems},
  author	= {Benner, P. and Li, J.-R. and Penzl, T.},
  journal	= {Numerical Linear Algebra with Applications},
  volume	= {15},
  number	= {9},
  pages		= {755--777},
  year		= {2008},
  publisher	= {Wiley Online Library}
}

###Article{	  benner2008numerical,
  title		= {Numerical solution of large-scale Lyapunov equations,
		  Riccati equations, and linear-quadratic optimal control
		  problems},
  author	= {Benner, P. and Li, J.-R. and Penzl, T.},
  journal	= {Numerical Linear Algebra with Applications},
  volume	= {15},
  number	= {9},
  pages		= {755--777},
  year		= {2008},
  publisher	= {Wiley Online Library}
}

@InProceedings{	  benner2010balanced,
  title		= {Balanced truncation model order reduction for LTI systems
		  with many inputs or outputs},
  author	= {Benner, P. and Schneider, A.},
  booktitle	= {Proceedings of the 19th international symposium on
		  mathematical theory of networks and systems--MTNS},
  volume	= {5},
  number	= {9},
  year		= {2010}
}

###InProceedings{ benner2010balanced,
  title		= {Balanced truncation model order reduction for LTI systems
		  with many inputs or outputs},
  author	= {Benner, P. and Schneider, A.},
  booktitle	= {Proceedings of the 19th international symposium on
		  mathematical theory of networks and systems--MTNS},
  volume	= {5},
  number	= {9},
  year		= {2010}
}

@Article{	  beyn2010,
  author	= {Beyn, W.-J. and Rieger, J. },
  title		= {The implicit Euler scheme for one-sided Lipschitz
		  differential inclusions},
  journal	= {Discr. and Cont. Dynamical Systems},
  volume	= {B},
  number	= {14},
  year		= {1998},
  pages		= {409--428},
  publisher	= {SIAM},
  doi		= {10.3934/dcdsb.2010.14.409}
}

@InProceedings{	  bgptv09,
  author	= {Bouissou, Olivier and Goubault, Eric and Putot, Sylvie and
		  Tekkal, Karim and Vedrine, Franck},
  booktitle	= {CAV},
  pages		= {620--626},
  publisher	= {Springer},
  series	= {LNCS},
  title		= {{HybridFluctuat}: A Static Analyzer of Numerical Programs
		  within a Continuous Environment},
  volume	= {5643},
  year		= {2009}
}

@InProceedings{	  biereccfz99,
  author	= {Armin Biere and Alessandro Cimatti and Edmund M. Clarke
		  and Masahiro Fujita and Yunshan Zhu},
  title		= {Symbolic Model Checking Using {SAT} Procedures instead of
		  BDDs},
  booktitle	= {{DAC}},
  pages		= {317--320},
  year		= {1999},
  url		= {http://doi.acm.org/10.1145/309847.309942},
  doi		= {10.1145/309847.309942},
  timestamp	= {Mon, 16 Dec 2002 10:08:28 +0100},
  biburl	= {http://dblp.uni-trier.de/rec/bib/conf/dac/BiereCCFZ99},
  bibsource	= {dblp computer science bibliography, http://dblp.org}
}

@Article{	  bla99,
  title		= "Set invariance in control ",
  journal	= "Automatica ",
  volume	= "35",
  number	= "11",
  pages		= "1747 - 1767",
  year		= "1999",
  note		= "",
  issn		= "0005-1098",
  author	= "F. Blanchini",
  keywords	= "Constrained control "
}

###Article{	  bla99,
  title		= "Set invariance in control ",
  journal	= "Automatica ",
  volume	= "35",
  number	= "11",
  pages		= "1747 - 1767",
  year		= "1999",
  note		= "",
  issn		= "0005-1098",
  author	= "F. Blanchini",
  keywords	= "Constrained control "
}

@InProceedings{	  bm06,
  author	= {Bouissou, Olivier and Martel, Matthieu},
  booktitle	= {{Scientific Computing, Computer Arithmetic and Validated
		  Numerics}},
  title		= {{GRKLib: a Guaranteed Runge Kutta Library}},
  year		= {2006}
}

@InProceedings{	  bmc12,
  author	= {Bouissou, Olivier and Mimram, Samuel and Chapoutot,
		  Alexandre},
  booktitle	= {Rapid System Prototyping},
  publisher	= {IEEE},
  title		= {{HySon}: Set-Based Simulation of Hybrid Systems},
  year		= {2012}
}

@InProceedings{	  bogomolovfggpps14,
  author	= {Sergiy Bogomolov and Goran Frehse and Marius Greitschus
		  and Radu Grosu and Corina S. Pasareanu and Andreas Podelski
		  and Thomas Strump},
  title		= {Assume-Guarantee Abstraction Refinement Meets Hybrid
		  Systems},
  booktitle	= {Hardware and Software: Verification and Testing - 10th
		  International Haifa Verification Conference, {HVC} 2014,
		  Haifa, Israel, November 18-20, 2014. Proceedings},
  pages		= {116--131},
  year		= {2014},
  timestamp	= {Mon, 03 Nov 2014 14:03:59 +0100},
  biburl	= {http://dblp.uni-trier.de/rec/bib/conf/hvc/BogomolovFGGPPS14}
		  ,
  bibsource	= {dblp computer science bibliography, http://dblp.org}
}

@Article{	  bornemann01,
  author	= {Bornemann, Folkmar},
  journal	= {Selcuk Journal of Applied Mathematics},
  number	= {1},
  title		= {Runge-Kutta Methods, Trees, and Maple - On a Simple Proof
		  of Butcher's Theorem and the Automatic Generation of Order
		  Condition},
  volume	= {2},
  year		= {2001}
}

@Article{	  bryant1986graph,
  title		= {Graph-based algorithms for boolean function manipulation},
  author	= {Bryant, Randal E},
  journal	= {Computers, IEEE Transactions on},
  volume	= {100},
  number	= {8},
  pages		= {677--691},
  year		= {1986},
  publisher	= {IEEE}
}

@Article{	  butcher63,
  author	= {Butcher, John C.},
  journal	= {Journal of the Australian Mathematical Society},
  month		= {5},
  pages		= {185--201},
  title		= {Coefficients for the study of {Runge-Kutta} integration
		  processes},
  volume	= {3},
  year		= {1963}
}

@Article{	  cai2015,
  author	= {Cai, Xiushan and Wang, Zhenyun and Liu, Leipo},
  title		= {Control Design for One-side Lipschitz Nonlinear
		  Differential Inclusion Systems with Time-delay},
  journal	= {Neurocomput.},
  issue_date	= {October 2015},
  volume	= {165},
  number	= {C},
  month		= oct,
  year		= {2015},
  issn		= {0925-2312},
  pages		= {182--189},
  numpages	= {8},
  doi		= {10.1016/j.neucom.2015.03.008},
  acmid		= {2798845},
  publisher	= {Elsevier Science Publishers B. V.},
  address	= {Amsterdam, The Netherlands, The Netherlands},
  keywords	= {Disturbances rejection, Lyapunov-Krasovskii functionals,
		  Nonlinear differential inclusions, Stabilization,
		  Time-delay}
}

@Misc{		  capd,
  author	= {{{CAPD} - {C}omputer {A}ssisted {P}roofs in {D}ynamics
		  group, a C++ package for rigorous numerics}},
  title		= { http://capd.wsb-nlu.edu.pl}
}

@InProceedings{	  cas12,
  author	= {Chen, Xin and Abraham, Erika and Sankaranarayanan,
		  Sriram},
  booktitle	= {IEEE 33rd Real-Time Systems Symposium},
  pages		= {183--192},
  publisher	= {IEEE Computer Society},
  title		= {Taylor Model Flowpipe Construction for Non-linear Hybrid
		  Systems},
  year		= {2012}
}

@Article{	  cashk90,
  author	= {Jeff R. Cash and Alan H. Karp},
  journal	= {ACM Trans. Math. Softw.},
  number	= {3},
  pages		= {201-222},
  title		= {A variable order {R}unge-{K}utta method for IVP with
		  rapidly varying right-hand sides},
  volume	= {16},
  year		= {1990}
}

@Article{	  chabert2009contractor,
  author	= {Chabert, Gilles and Jaulin, Luc},
  journal	= {Artificial Intelligence},
  number	= {11},
  pages		= {1079--1100},
  title		= {Contractor programming},
  volume	= {173},
  year		= {2009}
}

@InCollection{	  chatterjee2007assume,
  title		= {Assume-guarantee synthesis},
  author	= {Chatterjee, Krishnendu and Henzinger, Thomas A},
  booktitle	= {Tools and Algorithms for the Construction and Analysis of
		  Systems},
  pages		= {261--275},
  year		= {2007},
  publisher	= {Springer}
}

@InProceedings{	  chen2013flow,
  title		= {Flow*: An analyzer for non-linear hybrid systems},
  author	= {Chen, Xin and {\'A}brah{\'a}m, Erika and Sankaranarayanan,
		  Sriram},
  booktitle	= {Computer Aided Verification},
  pages		= {258--263},
  year		= {2013},
  organization	= {Springer}
}

@InProceedings{	  chen2016decomposed,
  title		= {Decomposed Reachability Analysis for Nonlinear Systems},
  author	= {Chen, Xin and Sankaranarayanan, Sriram},
  booktitle	= {Proc. of IEEE Real-Time Systems Symposium},
  pages		= {13--24},
  year		= {2016}
}

@Article{	  cheng2010linear,
  title		= {A linear representation of dynamics of Boolean networks},
  author	= {Cheng, Daizhan and Qi, Hongsheng},
  journal	= {Automatic Control, IEEE Transactions on},
  volume	= {55},
  number	= {10},
  pages		= {2251--2258},
  year		= {2010},
  publisher	= {IEEE}
}

@InProceedings{	  cheng2011boolean,
  title		= {On Boolean control networks -- an algebraic approach},
  author	= {Cheng, Daizhan and Qi, Hongsheng and Zhao, Yin},
  booktitle	= {Proceedings of IFAC World Congress},
  pages		= {8366--8377},
  year		= {2011}
}

@InCollection{	  cheung2004switched,
  title		= {Switched probabilistic I/O automata},
  author	= {Cheung, Ling and Lynch, Nancy and Segala, Roberto and
		  Vaandrager, Frits},
  booktitle	= {Theoretical Aspects of Computing-ICTAC 2004},
  pages		= {494--510},
  year		= {2004},
  publisher	= {Springer}
}

@Article{	  chinesta2011short,
  title		= {A short review on model order reduction based on proper
		  generalized decomposition},
  author	= {Chinesta, F. and Ladeveze, P. and Cueto, E.},
  journal	= {Archives of Computational Methods in Engineering},
  volume	= {18},
  number	= {4},
  pages		= {395--404},
  year		= {2011},
  publisher	= {Springer}
}

###Article{	  chinesta2011short,
  title		= {A short review on model order reduction based on proper
		  generalized decomposition},
  author	= {Chinesta, F. and Ladeveze, P. and Cueto, E.},
  journal	= {Archives of Computational Methods in Engineering},
  volume	= {18},
  number	= {4},
  pages		= {395--404},
  year		= {2011},
  publisher	= {Springer}
}

@Article{	  clark2000vibration,
  title		= {Vibration control with state-switched piezoelectric
		  materials},
  author	= {Clark, W.},
  journal	= {Journal of intelligent material systems and structures},
  volume	= {11},
  number	= {4},
  pages		= {263--271},
  year		= {2000},
  publisher	= {Sage Publications}
}

###Article{	  clark2000vibration,
  title		= {Vibration control with state-switched piezoelectric
		  materials},
  author	= {Clark, W.},
  journal	= {Journal of intelligent material systems and structures},
  volume	= {11},
  number	= {4},
  pages		= {263--271},
  year		= {2000},
  publisher	= {Sage Publications}
}

@InProceedings{	  combastel05,
  author	= {Combastel, Christophe},
  booktitle	= {Conference on Decision and Control},
  title		= {A State Bounding Observer for Uncertain Non-linear
		  Continuous-time Systems based on Zonotopes},
  publisher	= {IEEE},
  year		= {2005}
}

@InCollection{	  cordier_pod,
  title		= {{Proper Orthogonal Decomposition: an overview}},
  author	= {Cordier, L. and Bergmann, M.},
  url		= {https://hal.archives-ouvertes.fr/hal-00417819},
  booktitle	= {{Lecture series 2002-04, 2003-03 and 2008-01 on
		  post-processing of experimental and numerical data, Von
		  Karman Institute for Fluid Dynamics, 2008.}},
  publisher	= {{VKI}},
  pages		= {46 pages},
  year		= {2008},
  hal_id	= {hal-00417819},
  hal_version	= {v1}
}

###InCollection{  cordier_pod,
  title		= {{Proper Orthogonal Decomposition: an overview}},
  author	= {Cordier, L. and Bergmann, M.},
  url		= {https://hal.archives-ouvertes.fr/hal-00417819},
  booktitle	= {{Lecture series 2002-04, 2003-03 and 2008-01 on
		  post-processing of experimental and numerical data, Von
		  Karman Institute for Fluid Dynamics, 2008.}},
  publisher	= {{VKI}},
  pages		= {46 pages},
  year		= {2008},
  hal_id	= {hal-00417819},
  hal_version	= {v1}
}

@InProceedings{	  cosyma,
  title		= {{CoSyMA: a tool for controller synthesis using multi-scale
		  abstractions}},
  author	= {Mouelhi, S. and Girard, A. and Goessler, G.},
  booktitle	= {{HSCC'13 - 16th International Conference on Hybrid
		  systems: computation and control}},
  address	= {Philadelphie, United States},
  publisher	= {{ACM}},
  pages		= {83-88},
  year		= {2013},
  month		= apr,
  doi		= {10.1145/2461328.2461343},
  hal_id	= {hal-00839613},
  hal_version	= {v1}
}

###InProceedings{ cosyma,
  title		= {{CoSyMA: a tool for controller synthesis using multi-scale
		  abstractions}},
  author	= {Mouelhi, S. and Girard, A. and Goessler, G.},
  booktitle	= {{HSCC'13 - 16th International Conference on Hybrid
		  systems: computation and control}},
  address	= {Philadelphie, United States},
  publisher	= {{ACM}},
  pages		= {83-88},
  year		= {2013},
  month		= apr,
  doi		= {10.1145/2461328.2461343},
  hal_id	= {hal-00839613},
  hal_version	= {v1}
}

@InProceedings{	  cousot01,
  author	= {Patrick Cousot},
  title		= {Compositional separate modular static analysis of programs
		  by abstract interpretation},
  booktitle	= {Proc. SSGRR 2001 -- Advances in Infrastructure for
		  Electronic Business, Science, and Education on the
		  Internet, 6 -- 10},
  year		= {2001}
}

@InCollection{	  cousot98,
  author	= {Cousot, P{.}},
  title		= {The Calculational Design of a Generic Abstract
		  Interpreter},
  booktitle	= {Calculational System Design},
  editor	= {M{.} Broy and R{.} Steinbr{\"u}ggen},
  publisher	= {NATO ASI Series F. IOS Press, Amsterdam},
  year		= 1999
}

@InCollection{	  cruz_csdp_2003,
  year		= {2003},
  isbn		= {978-3-540-20202-8},
  booktitle	= {Principles and Practice of Constraint Programming – CP
		  2003},
  volume	= {2833},
  series	= {Lecture Notes in Computer Science},
  editor	= {Rossi, Francesca},
  doi		= {10.1007/978-3-540-45193-8_18},
  title		= {Constraint Satisfaction Differential Problems},
  publisher	= {Springer Berlin Heidelberg},
  author	= {Cruz, Jorge and Barahona, Pedro},
  pages		= {259-273},
  language	= {English}
}

@Article{	  cruz_csdp_2004,
  author	= {Jorge Cruz and Pedro Barahona },
  title		= {Constraint Reasoning over Differential Equations},
  journal	= {Applied Numerical Analysis and Computational Mathematics},
  year		= {2004}
}

@Article{	  dahlquist1976error,
  title		= {Error analysis for a class of methods for stiff non-linear
		  initial value problems},
  author	= {Dahlquist, Germund},
  journal	= {Numerical analysis},
  pages		= {60--72},
  year		= {1976},
  publisher	= {Springer}
}

@InProceedings{	  dallal2015compositional,
  title		= {On compositional symbolic controller synthesis inspired by
		  small-gain theorems},
  author	= {Dallal, Eric and Tabuada, Paulo},
  booktitle	= {Proc. of IEEE Conference on Decision and Control},
  pages		= {6133--6138},
  year		= {2015}
}

@InProceedings{	  dallalt15,
  author	= {Eric Dallal and Paulo Tabuada},
  title		= {On compositional symbolic controller synthesis inspired by
		  small-gain theorems},
  booktitle	= {54th {IEEE} Conference on Decision and Control, {CDC}
		  2015, Osaka, Japan, December 15-18, 2015},
  pages		= {6133--6138},
  year		= {2015},
  crossref	= {DBLP:conf/cdc/2015},
  url		= {http://dx.doi.org/10.1109/CDC.2015.7403184},
  doi		= {10.1109/CDC.2015.7403184},
  timestamp	= {Thu, 18 Feb 2016 14:14:07 +0100},
  biburl	= {http://dblp.uni-trier.de/rec/bib/conf/cdc/DallalT15},
  bibsource	= {dblp computer science bibliography, http://dblp.org}
}

@Article{	  dang:2012:rap,
  author	= {Thao Dang and Romain Testylier},
  journal	= {Reliable Computing},
  month		= {Dec},
  number	= {2},
  pages		= {128--152},
  title		= {Reachability Analysis for Polynomial Dynamical Systems
		  Using the {B}ernstein Expansion},
  volume	= {17},
  year		= {2012}
}

@Article{	  davisp60,
  author	= {Martin Davis and Hilary Putnam},
  title		= {A Computing Procedure for Quantification Theory},
  journal	= {J. {ACM}},
  volume	= {7},
  number	= {3},
  pages		= {201--215},
  year		= {1960},
  url		= {http://doi.acm.org/10.1145/321033.321034},
  doi		= {10.1145/321033.321034},
  timestamp	= {Fri, 29 Feb 2008 08:13:22 +0100},
  biburl	= {http://dblp.uni-trier.de/rec/bib/journals/jacm/DavisP60},
  bibsource	= {dblp computer science bibliography, http://dblp.org}
}

@Proceedings{	  dblp:conf/cdc/2015,
  title		= {54th {IEEE} Conference on Decision and Control, {CDC}
		  2015, Osaka, Japan, December 15-18, 2015},
  publisher	= {{IEEE}},
  year		= {2015},
  url		= {http://ieeexplore.ieee.org/xpl/mostRecentIssue.jsp?punumber=7396016}
		  ,
  isbn		= {978-1-4799-7886-1},
  timestamp	= {Thu, 18 Feb 2016 14:14:07 +0100},
  biburl	= {http://dblp.uni-trier.de/rec/bib/conf/cdc/2015},
  bibsource	= {dblp computer science bibliography, http://dblp.org}
}

@Proceedings{	  dblp:conf/cdc/2016,
  title		= {55th {IEEE} Conference on Decision and Control, {CDC}
		  2016, Las Vegas, NV, USA, December 12-14, 2016},
  publisher	= {{IEEE}},
  year		= {2016},
  url		= {http://ieeexplore.ieee.org/xpl/mostRecentIssue.jsp?punumber=7786694}
		  ,
  isbn		= {978-1-5090-1837-6},
  timestamp	= {Tue, 03 Jan 2017 12:13:39 +0100},
  biburl	= {http://dblp2.uni-trier.de/rec/bib/conf/cdc/2016},
  bibsource	= {dblp computer science bibliography, http://dblp.org}
}

@InProceedings{	  dblp:conf/hybrid/henzingerhmw00,
  author	= {Henzinger, Thomas A. and Horowitz, Benjamin and Majumdar,
		  Rupak and Wong-Toi, Howard},
  booktitle	= {Hybrid Systems: Computation and Control},
  pages		= {130-144},
  publisher	= {Springer},
  series	= {LNCS},
  title		= {Beyond {HYTECH}: Hybrid Systems Analysis Using Interval
		  Numerical Methods},
  volume	= {1790},
  year		= {2000}
}

@Article{	  detest,
  author	= {Enright, W. H. and Pryce, J. D.},
  journal	= {ACM Transations on Mathematical Software},
  number	= {1},
  pages		= {1--27},
  title		= {Two {FORTRAN} packages for assessing initial value
		  methods},
  volume	= {13},
  year		= {1987}
}

@InProceedings{	  ding2011reachability,
  title		= {Reachability-based synthesis of feedback policies for
		  motion planning under bounded disturbances},
  author	= {Ding, Jerry and Li, Eugene and Huang, Haomiao and Tomlin,
		  Claire J},
  booktitle	= {Robotics and Automation (ICRA), 2011 IEEE International
		  Conference on},
  pages		= {2160--2165},
  year		= {2011},
  organization	= {IEEE},
  doi		= {10.1109/ICRA.2011.5980268}
}

@Article{	  dit2016validated,
  title		= {Validated explicit and implicit runge-kutta methods},
  author	= {dit Sandretto, Julien Alexandre and Chapoutot, Alexandre},
  journal	= {Reliable Computing},
  volume	= {22},
  pages		= {79--103},
  year		= {2016}
}

@Article{	  donchev1998stability,
  title		= {Stability and Euler approximation of one-sided Lipschitz
		  differential inclusions},
  author	= {Donchev, Tzanko and Farkhi, Elza},
  journal	= {SIAM journal on control and optimization},
  volume	= {36},
  number	= {2},
  pages		= {780--796},
  year		= {1998},
  publisher	= {SIAM}
}

@Article{	  donchev98,
  author	= {Donchev, Tzanko and Farkhi, Elza},
  title		= {Stability and Euler Approximation of One-sided Lipschitz
		  Differential Inclusions},
  journal	= {SIAM J. Control Optim.},
  volume	= {36},
  number	= {2},
  year		= {1998},
  pages		= {780--796},
  doi		= {10.1137/S0363012995293694},
  publisher	= {SIAM}
}

@InProceedings{	  dubrova2005kauffman,
  title		= {Kauffman networks: Analysis and applications},
  author	= {Dubrova, Elena and Teslenko, Maxim and Martinelli,
		  Andres},
  booktitle	= {Proceedings of the 2005 IEEE/ACM International conference
		  on Computer-aided design},
  pages		= {479--484},
  year		= {2005},
  organization	= {IEEE Computer Society}
}

@Article{	  dubrova2011sat,
  title		= {A SAT-based algorithm for finding attractors in
		  synchronous boolean networks},
  author	= {Dubrova, Elena and Teslenko, Maxim},
  journal	= {IEEE/ACM Transactions on Computational Biology and
		  Bioinformatics (TCBB)},
  volume	= {8},
  number	= {5},
  pages		= {1393--1399},
  year		= {2011},
  publisher	= {IEEE Computer Society Press}
}

@Unpublished{	  dynibex,
  author	= {Alexandre dit\ Sandretto, Julien and Chapoutot, Alexandre},
  note		= {http://perso.ensta-paristech.fr/~chapoutot/dynibex/},
  title		= {DynIbex library},
  year		= {2015}
}

@Article{	  dzetkulic:2015fk,
  author	= {Dzetkuli{\v c}, Tom{\'a}{\v s}},
  journal	= {Numerical Algorithms},
  number	= {1},
  pages		= {183-205},
  title		= {Rigorous integration of non-linear ordinary differential
		  equations in {Chebyshev} basis},
  volume	= {69},
  year		= {2015}
}

@InCollection{	  eggers2008sat,
  title		= {{SAT} modulo {ODE}: A direct {SAT} approach to hybrid
		  systems},
  author	= {Eggers, Andreas and Fr{\"a}nzle, Martin and Herde,
		  Christian},
  booktitle	= {Automated Technology for Verification and Analysis},
  pages		= {171--185},
  year		= {2008},
  volume	= {5311},
  series	= {LNCS},
  publisher	= {Springer}
}

@Article{	  eggers:2012fk,
  author	= {Eggers, Andreas and Ramdani, Nacim and Nedialkov,
		  NedialkoS. and Fr{\"a}nzle, Martin},
  journal	= {Software and Systems Modeling},
  pages		= {1-28},
  title		= {Improving the SAT modulo ODE approach to hybrid systems
		  analysis by combining different enclosure methods},
  year		= {2012}
}

@Article{	  ekf,
  title		= {Stochastic stability of the discrete-time extended Kalman
		  filter},
  author	= {Reif, K. and G{\"u}nther, S. and Yaz Sr., E. and
		  Unbehauen, R.},
  journal	= {IEEE Transactions on Automatic Control},
  volume	= {44},
  number	= {4},
  pages		= {714--728},
  year		= {1999},
  publisher	= {Institute of Electrical and Electronics Engineers}
}

###Article{	  ekf,
  title		= {Stochastic stability of the discrete-time extended Kalman
		  filter},
  author	= {Reif, K. and G{\"u}nther, S. and Yaz Sr., E. and
		  Unbehauen, R.},
  journal	= {IEEE Transactions on Automatic Control},
  volume	= {44},
  number	= {4},
  pages		= {714--728},
  year		= {1999},
  publisher	= {Institute of Electrical and Electronics Engineers}
}

@Article{	  elo1987,
  title		= {The extended Luenberger observer for nonlinear systems},
  author	= {Zeitz, M.},
  journal	= {Systems \& Control Letters},
  volume	= {9},
  number	= {2},
  pages		= {149--156},
  year		= {1987},
  publisher	= {Elsevier}
}

###Article{	  elo1987,
  title		= {The extended Luenberger observer for nonlinear systems},
  author	= {Zeitz, M.},
  journal	= {Systems \& Control Letters},
  volume	= {9},
  number	= {2},
  pages		= {149--156},
  year		= {1987},
  publisher	= {Elsevier}
}

@InProceedings{	  ernf11,
  author	= {Eggers, Andreas and Ramdani, Nacim and Nedialkov, Nedialko
		  and Fr\"anzle, Martin},
  booktitle	= {SEFM},
  pages		= {172-187},
  publisher	= {Springer},
  series	= {LNCS},
  title		= {Improving {SAT} Modulo {ODE} for Hybrid Systems Analysis
		  by Combining Different Enclosure Methods},
  volume	= {7041},
  year		= {2011}
}

@Article{	  fazal:2013,
  author	= {Fazal, Qaisra and Neumaier, Arnold},
  journal	= {Soft Computing},
  number	= {8},
  pages		= {1345-1356},
  title		= {Error bounds for initial value problems by optimization},
  volume	= {17},
  year		= {2013}
}

@Article{	  fks-safety,
  author	= {Fribourg, L. and K{\"u}hne, U. and Soulat, R.},
  doi		= {10.1007/s10703-014-0211-2},
  journal	= {Formal Methods in System Design},
  month		= dec,
  number	= {3},
  pages		= {303-329},
  publisher	= {Springer},
  title		= {Finite Controlled Invariants for Sampled Switched
		  Systems},
  volume	= {45},
  year		= {2014}
}

###Article{	  fks-safety,
  author	= {Fribourg, L. and K{\"u}hne, U. and Soulat, R.},
  doi		= {10.1007/s10703-014-0211-2},
  journal	= {Formal Methods in System Design},
  month		= dec,
  number	= {3},
  pages		= {303-329},
  publisher	= {Springer},
  title		= {Finite Controlled Invariants for Sampled Switched
		  Systems},
  volume	= {45},
  year		= {2014}
}

@InProceedings{	  fld+11,
  title		= {{SpaceEx}: Scalable Verification of Hybrid Systems },
  author	= {Frehse, Goran and Le Guernic, Colas and Donz\'e, Alexandre
		  and Cotton, Scott and Ray, Rajarshi and Lebeltel, Olivier
		  and Ripado, Rodolfo and Girard, Antoine and Dang, Thao and
		  Maler, Oded},
  year		= {2011},
  booktitle	= {Computer Aided Verification},
  publisher	= {Springer},
  series	= {LNCS}
}

@InProceedings{	  fokkink1998verification,
  title		= {Verification of interlockings: from control tables to
		  ladder logic diagrams},
  author	= {Fokkink, Wan and Hollingshead, Paul and Groote, J and
		  Luttik, S and van Wamel, J},
  booktitle	= {Proceedings of FMICS},
  volume	= {98},
  pages		= {171--185},
  year		= {1998}
}

@Article{	  formosa,
  title		= {Contr\^ole actif des vibrations des structures type
		  poutre},
  author	= {Formosa, F.},
  journal	= {Private report}
}

###Article{	  formosa,
  title		= {Contr\^ole actif des vibrations des structures type
		  poutre},
  author	= {Formosa, F.},
  journal	= {Private report}
}

@Article{	  franzle2007efficient,
  title		= {Efficient solving of large non-linear arithmetic
		  constraint systems with complex boolean structure},
  author	= {Franzle, Martin and Herde, Christian and Teige, Tino and
		  Ratschan, Stefan and Schubert, Tobias},
  journal	= {Journal on Satisfiability, Boolean Modeling and
		  Computation},
  volume	= {1},
  pages		= {209--236},
  year		= {2007}
}

@InProceedings{	  frehse2011spaceex,
  title		= {{SpaceEx}: Scalable verification of hybrid systems},
  author	= {Frehse, Goran and Le Guernic, Colas and Donz{\'e},
		  Alexandre and Cotton, Scott and Ray, Rajarshi and Lebeltel,
		  Olivier and Ripado, Rodolfo and Girard, Antoine and Dang,
		  Thao and Maler, Oded},
  booktitle	= {Computer Aided Verification},
  pages		= {379--395},
  year		= {2011},
  volume	= {6806},
  series	= {LNCS},
  organization	= {Springer}
}

@Article{	  fribourg2014finite,
  title		= {Finite controlled invariants for sampled switched
		  systems},
  author	= {Fribourg, Laurent and K{\"u}hne, Ulrich and Soulat,
		  Romain},
  journal	= {Formal Methods in System Design},
  volume	= {45},
  number	= {3},
  pages		= {303--329},
  year		= {2014},
  publisher	= {Springer}
}

@InProceedings{	  fribourg2015games,
  author	= {Laurent Fribourg and Ulrich K{\"u}hne and Nicolas Markey},
  title		= {{Game-based Synthesis of Distributed Controllers for
		  Sampled Switched Systems}},
  booktitle	= {2nd International Workshop on Synthesis of Complex
		  Parameters (SynCoP'15)},
  pages		= {48--62},
  series	= {OpenAccess Series in Informatics (OASIcs)},
  isbn		= {978-3-939897-82-8},
  issn		= {2190-6807},
  year		= {2015},
  volume	= {44},
  editor	= {},
  address	= {Dagstuhl, Germany},
  url		= {},
  urn		= {},
  doi		= {},
  annote	= {Keywords: Cyber-physical systems, controller synthesis,
		  games, robustness, partial observation}
}

@Book{		  fs-book13,
  author	= {Fribourg, L. and Soulat, R.},
  month		= jul,
  note		= {144~pages},
  publisher	= {Wiley-ISTE},
  title		= {Control of Switching Systems by Invariance Analysis:
		  Application to Power Electronics},
  year		= {2013}
}

###Book{	  fs-book13,
  author	= {Fribourg, L. and Soulat, R.},
  month		= jul,
  note		= {144~pages},
  publisher	= {Wiley-ISTE},
  title		= {Control of Switching Systems by Invariance Analysis:
		  Application to Power Electronics},
  year		= {2013}
}

@InProceedings{	  fs-rp13,
  address	= {Uppsala, Sweden},
  author	= {Fribourg, L. and Soulat, R.},
  booktitle	= {{P}roceedings of the 7th {W}orkshop on {R}eachability
		  {P}roblems in {C}omputational {M}odels ({RP}'13)},
  doi		= {10.1007/978-3-642-41036-9\_13},
  editor	= {Abdulla, Parosh Aziz and Potapov, Igor},
  month		= sep,
  pages		= {135-145},
  publisher	= {Springer},
  series	= {Lecture Notes in Computer Science},
  title		= {Stability Controllers for Sampled Switched Systems},
  volume	= {8169},
  year		= {2013}
}

###InProceedings{ fs-rp13,
  address	= {Uppsala, Sweden},
  author	= {Fribourg, L. and Soulat, R.},
  booktitle	= {{P}roceedings of the 7th {W}orkshop on {R}eachability
		  {P}roblems in {C}omputational {M}odels ({RP}'13)},
  doi		= {10.1007/978-3-642-41036-9\_13},
  editor	= {Abdulla, Parosh Aziz and Potapov, Igor},
  month		= sep,
  pages		= {135-145},
  publisher	= {Springer},
  series	= {Lecture Notes in Computer Science},
  title		= {Stability Controllers for Sampled Switched Systems},
  volume	= {8169},
  year		= {2013}
}

@InProceedings{	  gajda:2008fk,
  author	= {Gajda, Karol and Jankowska, Ma{\l}gorzata and Marciniak,
		  Andrzej and Szyszka, Barbara},
  booktitle	= {Parallel Processing and Applied Mathematics},
  pages		= {1361-1371},
  publisher	= {Springer Berlin Heidelberg},
  series	= {LNCS},
  title		= {A Survey of Interval {R}unge--{K}utta and Multistep
		  Methods for Solving the Initial Value Problem},
  volume	= {4967},
  year		= {2008}
}

@Article{	  gao2013principle,
  title		= {Principle for performing attractor transits with single
		  control in Boolean networks},
  author	= {Gao, Bo and Li, Lixiang and Peng, Haipeng and Kurths,
		  J{\"u}rgen and Zhang, Wenguang and Yang, Yixian},
  journal	= {Physical Review E},
  volume	= {88},
  number	= {6},
  year		= {2013},
  publisher	= {APS}
}

@Article{	  gillula2011applications,
  title		= {Applications of hybrid reachability analysis to robotic
		  aerial vehicles},
  author	= {Gillula, Jeremy H and Hoffmann, Gabriel M and Huang,
		  Haomiao and Vitus, Michael P and Tomlin, Claire},
  journal	= {The International Journal of Robotics Research},
  pages		= {0278364910387173},
  year		= {2011},
  publisher	= {Sage Publications}
}

@InProceedings{	  gir10a,
  title		= {Synthesis using approximately bisimilar abstractions:
		  state-feedback controllers for safety specifications},
  author	= {Girard, A.},
  booktitle	= {Proceedings of the 13th ACM international conference on
		  Hybrid systems: computation and control},
  pages		= {111--120},
  year		= {2010},
  organization	= {ACM}
}

###InProceedings{ gir10a,
  title		= {Synthesis using approximately bisimilar abstractions:
		  state-feedback controllers for safety specifications},
  author	= {Girard, A.},
  booktitle	= {Proceedings of the 13th ACM international conference on
		  Hybrid systems: computation and control},
  pages		= {111--120},
  year		= {2010},
  organization	= {ACM}
}

@Article{	  gir10b,
  author	= {Girard, A. and Pola, G. and Tabuada, P.},
  journal	= {Automatic Control, IEEE Transactions on},
  title		= {Approximately Bisimilar Symbolic Models for Incrementally
		  Stable Switched Systems},
  year		= {2010},
  month		= {Jan},
  volume	= {55},
  number	= {1},
  pages		= {116-126},
  keywords	= {Lyapunov methods;control system
		  synthesis;stability;time-varying systems;approximately
		  bisimilar symbolic models;boost dc-dc converter;controller
		  synthesis problems;finite symbolic model;incrementally
		  stable switched systems;Asymptotic stability;Control system
		  synthesis;Control systems;Engineering profession;Fault
		  diagnosis;Lyapunov method;Signal synthesis;Software
		  systems;Stability;Switched systems;Switching
		  converters;Systems engineering and theory;Approximate
		  bisimulation;finite controllers;switched systems},
  doi		= {10.1109/TAC.2009.2034922},
  issn		= {0018-9286}
}

###Article{	  gir10b,
  author	= {Girard, A. and Pola, G. and Tabuada, P.},
  journal	= {Automatic Control, IEEE Transactions on},
  title		= {Approximately Bisimilar Symbolic Models for Incrementally
		  Stable Switched Systems},
  year		= {2010},
  month		= {Jan},
  volume	= {55},
  number	= {1},
  pages		= {116-126},
  keywords	= {Lyapunov methods;control system
		  synthesis;stability;time-varying systems;approximately
		  bisimilar symbolic models;boost dc-dc converter;controller
		  synthesis problems;finite symbolic model;incrementally
		  stable switched systems;Asymptotic stability;Control system
		  synthesis;Control systems;Engineering profession;Fault
		  diagnosis;Lyapunov method;Signal synthesis;Software
		  systems;Stability;Switched systems;Switching
		  converters;Systems engineering and theory;Approximate
		  bisimulation;finite controllers;switched systems},
  doi		= {10.1109/TAC.2009.2034922},
  issn		= {0018-9286}
}

@InProceedings{	  girard05,
  author	= {Antoine Girard},
  title		= {Reachability of Uncertain Linear Systems Using Zonotopes},
  booktitle	= {Hybrid Systems: Computation and Control, 8th International
		  Workshop, {HSCC} 2005, Zurich, Switzerland, March 9-11,
		  2005, Proceedings},
  pages		= {291--305},
  year		= {2005}
}

###InProceedings{ girard05,
  author	= {Girard, A.},
  title		= {Reachability of Uncertain Linear Systems Using Zonotopes},
  booktitle	= {HSCC},
  publisher	= {Springer},
  series	= {Lecture Notes in Computer Science},
  volume	= {3414},
  year		= {2005},
  pages		= {291-305},
  crossref	= {DBLP:conf/hybrid/2005},
  bibsource	= {DBLP, http://dblp.uni-trier.de}
}

@InCollection{	  girard2005reachability,
  title		= {Reachability of uncertain linear systems using zonotopes},
  author	= {Girard, Antoine},
  booktitle	= {Hybrid Systems: Computation and Control},
  pages		= {291--305},
  year		= {2005},
  publisher	= {Springer}
}

@Article{	  girard2010approximately,
  title		= {Approximately bisimilar symbolic models for incrementally
		  stable switched systems},
  author	= {Girard, Antoine and Pola, Giordano and Tabuada, Paulo},
  journal	= {IEEE Transactions on Automatic Control},
  volume	= {55},
  number	= {1},
  pages		= {116--126},
  year		= {2010},
  publisher	= {IEEE}
}

@Article{	  girard2012low,
  title		= {Low-complexity switching controllers for safety using
		  symbolic models},
  author	= {Girard, Antoine},
  journal	= {IFAC Proceedings Volumes},
  volume	= {45},
  number	= {9},
  pages		= {82--87},
  year		= {2012},
  publisher	= {Elsevier}
}

@Article{	  gms00,
  author	= {Gajda, Karol and Marciniak, Andrzej and Szyszka, Barbara},
  journal	= {Computational Methods in Science and Technology},
  number	= {1},
  pages		= {41--59},
  title		= {Three- and Four-Stage Implicit Interval Methods of
		  {R}unge-{K}utta Type},
  volume	= {6},
  year		= {2000}
}

@Article{	  gueguen200925,
  author	= {Gu{\'e}guen, Herv{\'e} and Lefebvre, Marie-Anne and
		  Zaytoon, Janan and Nasri, Othman},
  journal	= {Annual Reviews in Control},
  number	= {1},
  pages		= {25-36},
  title		= {Safety verification and reachability analysis for hybrid
		  systems},
  volume	= {33},
  year		= {2009}
}

@Article{	  gunawan2001comparison,
  title		= {Comparison of theoretical and computational
		  characteristics of dimensionality reduction methods for
		  large-scale uncertain systems},
  author	= {Gunawan, R. and Russell, E. L. and Braatz, R. D.},
  journal	= {Journal of Process Control},
  volume	= {11},
  number	= {5},
  pages		= {543--552},
  year		= {2001},
  publisher	= {Elsevier}
}

###Article{	  gunawan2001comparison,
  title		= {Comparison of theoretical and computational
		  characteristics of dimensionality reduction methods for
		  large-scale uncertain systems},
  author	= {Gunawan, R. and Russell, E. L. and Braatz, R. D.},
  journal	= {Journal of Process Control},
  volume	= {11},
  number	= {5},
  pages		= {543--552},
  year		= {2001},
  publisher	= {Elsevier}
}

@Article{	  guo2014,
  title		= {A Parallel Attractor Finding Algorithm Based on Boolean
		  Satisfiability for Genetic Regulatory Networks},
  author	= {Guo, W. and Yang, G. and Wu, W. and He, L. and Sun, M.},
  journal	= {PLoS ONE},
  volume	= {9},
  number	= {4},
  pages		= {},
  year		= {2014},
  publisher	= {}
}

@Article{	  hagood1991,
  author	= {{Hagood}, N.~W. and {von Flotow}, A.},
  title		= "{Damping of structural vibrations with piezoelectric
		  materials and passive electrical networks}",
  journal	= {Journal of Sound Vibration},
  year		= 1991,
  month		= apr,
  volume	= 146,
  pages		= {243-268},
  doi		= {10.1016/0022-460X(91)90762-9},
  adsurl	= {http://adsabs.harvard.edu/abs/1991JSV...146..243H},
  adsnote	= {Provided by the SAO/NASA Astrophysics Data System}
}

###Article{	  hagood1991,
  author	= {{Hagood}, N.~W. and {von Flotow}, A.},
  title		= "{Damping of structural vibrations with piezoelectric
		  materials and passive electrical networks}",
  journal	= {Journal of Sound Vibration},
  year		= 1991,
  month		= apr,
  volume	= 146,
  pages		= {243-268},
  doi		= {10.1016/0022-460X(91)90762-9},
  adsurl	= {http://adsabs.harvard.edu/abs/1991JSV...146..243H},
  adsnote	= {Provided by the SAO/NASA Astrophysics Data System}
}

@InProceedings{	  han-krogh04,
  author	= {Z. Han and B. H. Krogh},
  title		= {Reachability analysis of hybrid systems using
		  reduced-order models},
  booktitle	= {American Control Conference},
  publisher	= {IEEE},
  series	= {},
  volume	= {},
  year		= {2004},
  pages		= {1183-1189},
  crossref	= {DBLP:conf/hybrid/2005},
  bibsource	= {DBLP, http://dblp.uni-trier.de}
}

###InProceedings{ han-krogh04,
  author	= {Z. Han and B. H. Krogh},
  title		= {Reachability analysis of hybrid systems using
		  reduced-order models},
  booktitle	= {American Control Conference},
  publisher	= {IEEE},
  series	= {},
  volume	= {},
  year		= {2004},
  pages		= {1183-1189},
  crossref	= {DBLP:conf/hybrid/2005},
  bibsource	= {DBLP, http://dblp.uni-trier.de}
}

@InCollection{	  han_krogh_06,
  year		= {2006},
  isbn		= {978-3-540-33170-4},
  booktitle	= {Hybrid Systems: Computation and Control},
  volume	= {3927},
  series	= {Lecture Notes in Computer Science},
  editor	= {Hespanha, J. and Tiwari, A.},
  doi		= {10.1007/11730637$\_$23},
  title		= {Reachability Analysis of Large-Scale Affine Systems Using
		  Low-Dimensional Polytopes},
  publisher	= {Springer Berlin Heidelberg},
  author	= {Han, Z. and Krogh, B. H.},
  pages		= {287-301},
  language	= {English}
}

###InCollection{  han_krogh_06,
  year		= {2006},
  isbn		= {978-3-540-33170-4},
  booktitle	= {Hybrid Systems: Computation and Control},
  volume	= {3927},
  series	= {Lecture Notes in Computer Science},
  editor	= {Hespanha, J. and Tiwari, A.},
  doi		= {10.1007/11730637$\_$23},
  title		= {Reachability Analysis of Large-Scale Affine Systems Using
		  Low-Dimensional Polytopes},
  publisher	= {Springer Berlin Heidelberg},
  author	= {Han, Z. and Krogh, B. H.},
  pages		= {287-301},
  language	= {English}
}

@Book{		  handbookfloat09,
  author	= {{M}uller, J{.}-M{.} and {B}risebarre, N{.} and {D}e
		  {D}inechin, F{.} and {J}eannerod, {C}{.}-{P}{.} and
		  {L}ef{\`e}vre, {V}{.} and {M}elquiond, {G}{.} and {R}evol,
		  {N}{.} and {S}tehl{\'e}, {D}{.} and {T}orres, {S}{.}},
  publisher	= {{B}irkhauser},
  title		= {{H}andbook of {F}loating-{P}oint {A}rithmetic},
  year		= {2009}
}

@Article{	  hespanha2008lyapunov,
  title		= {{L}yapunov conditions for input-to-state stability of
		  impulsive systems},
  author	= {Hespanha, Jo{\~a}o P and Liberzon, Daniel and Teel, Andrew
		  R},
  journal	= {Automatica},
  volume	= {44},
  number	= {11},
  pages		= {2735--2744},
  year		= {2008},
  publisher	= {Elsevier}
}

@InProceedings{	  hhmw00,
  author	= {Henzinger, Thomas A. and Horowitz, Benjamin and Majumdar,
		  Rupak and Wong-Toi, Howard},
  booktitle	= {HSCC},
  pages		= {130-144},
  publisher	= {Springer},
  series	= {LNCS},
  title		= {Beyond {HYTECH}: Hybrid Systems Analysis Using Interval
		  Numerical Methods},
  volume	= {1790},
  year		= {2000}
}

@Article{	  hhsc2015,
  title		= {A Parallel Attractor Finding Algorithm Based on Boolean
		  Satisfiability for Genetic Regulatory Networks},
  author	= {Hong, C. and Hwang, J. and Cho, K.-H. and Shin, I.},
  journal	= {PLoS ONE},
  volume	= {10},
  number	= {12},
  pages		= {},
  year		= {2015},
  publisher	= {}
}

@InProceedings{	  hiskens2001stability,
  title		= {Stability of limit cycles in hybrid systems},
  author	= {Hiskens, Ian A},
  booktitle	= {System Sciences, 2001. Proceedings of the 34th Annual
		  Hawaii International Conference on},
  doi		= {10.1109/HICSS.2001.926280},
  year		= {2001},
  organization	= {IEEE}
}

@Book{		  hlw06,
  author	= {Hairer, Ernst and Lubich, Christian and Wanner, Gerhard},
  publisher	= {Springer},
  series	= {Computational Mathematics},
  title		= {Geometric numerical integration: structure-preserving
		  algorithms for ordinary differential equations},
  year		= 2006
}

@Book{		  hnw93,
  author	= {Hairer, Ernst and Norsett, Syvert Paul and Wanner,
		  Grehard},
  publisher	= {Springer-Verlag},
  edition	= {2nd},
  title		= {Solving Ordinary Differential Equations~{I}: Nonstiff
		  Problems},
  year		= {2009}
}

@Article{	  hochma2013symbolic,
  title		= {Symbolic dynamics of Boolean control networks},
  author	= {Hochma, Gal and Margaliot, Michael and Fornasini, Ettore
		  and Valcher, Maria Elena},
  journal	= {Automatica},
  volume	= {49},
  number	= {8},
  pages		= {2525--2530},
  year		= {2013},
  publisher	= {Elsevier}
}

@InCollection{	  immler2015verified,
  title		= {Verified reachability analysis of continuous systems},
  author	= {Immler, Fabian},
  booktitle	= {Tools and Algorithms for the Construction and Analysis of
		  Systems},
  pages		= {37--51},
  year		= {2015},
  volume	= {9035},
  series	= {LNCS},
  publisher	= {Springer}
}

@Book{		  jaulinbook,
  title		= {Applied Interval Analysis with Examples in Parameter and
		  State Estimation, Robust Control and Robotics},
  author	= {Jaulin, L. and Kieffer, M. and Didrit, O. and Walter, E.},
  year		= {2001},
  publisher	= {Springer-Verlag}
}

@Article{	  ji2014semi,
  title		= {Semi-active vibration control of an aircraft panel using
		  synchronized switch damping method},
  author	= {Ji, H. and Qiu, J. and Nie, H. and Cheng, L.},
  journal	= {International Journal of Applied Electromagnetics and
		  Mechanics},
  volume	= {46},
  number	= {4},
  year		= {2014},
  publisher	= {IOS Press}
}

###Article{	  ji2014semi,
  title		= {Semi-active vibration control of an aircraft panel using
		  synchronized switch damping method},
  author	= {Ji, H. and Qiu, J. and Nie, H. and Cheng, L.},
  journal	= {International Journal of Applied Electromagnetics and
		  Mechanics},
  volume	= {46},
  number	= {4},
  year		= {2014},
  publisher	= {IOS Press}
}

@Article{	  jiang1994small,
  title		= {Small-gain theorem for {ISS} systems and applications},
  author	= {Jiang, Z-P and Teel, Andrew R and Praly, Laurent},
  journal	= {Mathematics of Control, Signals, and Systems},
  volume	= {7},
  number	= {2},
  pages		= {95--120},
  year		= {1994},
  publisher	= {Springer}
}

@Article{	  jiang1996lyapunov,
  title		= {A {L}yapunov formulation of the nonlinear small-gain
		  theorem for interconnected ISS systems},
  author	= {Jiang, Zhong-Ping and Mareels, Iven MY and Wang, Yuan},
  journal	= {Automatica},
  volume	= {32},
  number	= {8},
  pages		= {1211--1215},
  year		= {1996},
  publisher	= {Elsevier}
}

@Book{		  jkdw01,
  author	= {Jaulin, Luc and Kieffer, Michel and Didrit, Olivier and
		  Walter, Eric},
  publisher	= {Springer},
  title		= {{Applied Interval Analysis}},
  year		= 2001
}

@Article{	  kauffman1969metabolic,
  title		= {Metabolic stability and epigenesis in randomly constructed
		  genetic nets},
  author	= {Kauffman, Stuart A},
  journal	= {Journal of theoretical biology},
  volume	= {22},
  number	= {3},
  pages		= {437--467},
  year		= {1969},
  publisher	= {Elsevier}
}

@Book{		  kauffman1993,
  title		= "The origins of order : self organization and selection in
		  evolution",
  author	= "Kauffman, Stuart Alan",
  publisher	= "Oxford university press",
  address	= "New York",
  url		= "http://opac.inria.fr/record=b1077782",
  isbn		= "0-19-507951-5",
  year		= 1993
}

@InProceedings{	  khatibgd16,
  author	= {Mohammad Al Khatib and Antoine Girard and Thao Dang},
  title		= {Verification and Synthesis of Timing Contracts for
		  Embedded Controllers},
  booktitle	= {Proceedings of the 19th International Conference on Hybrid
		  Systems: Computation and Control, {HSCC} 2016, Vienna,
		  Austria, April 12-14, 2016},
  pages		= {115--124},
  year		= {2016},
  doi		= {10.1145/2883817.2883827}
}

@InProceedings{	  kim2015compositional,
  title		= {Compositional controller synthesis for vehicular traffic
		  networks},
  author	= {Kim, Eric S and Arcak, Murat and Seshia, Sanjit A},
  booktitle	= {Proc. of IEEE Annual Conference on Decision and Control},
  pages		= {6165--6171},
  year		= {2015}
}

@InProceedings{	  kimas15,
  author	= {Eric S. Kim and Murat Arcak and Sanjit A. Seshia},
  title		= {Compositional controller synthesis for vehicular traffic
		  networks},
  booktitle	= {54th {IEEE} Conference on Decision and Control, {CDC}
		  2015, Osaka, Japan, December 15-18, 2015},
  pages		= {6165--6171},
  year		= {2015},
  doi		= {10.1109/CDC.2015.7403189},
  timestamp	= {Thu, 18 Feb 2016 19:33:11 +0100},
  biburl	= {http://dblp.uni-trier.de/rec/bib/conf/cdc/KimAS15},
  bibsource	= {dblp computer science bibliography, http://dblp.org}
}

@Article{	  kuhn:1998:rco:287056.287083,
  author	= {K\"{u}hn, W.},
  journal	= {Computing},
  number	= {1},
  pages		= {47--67},
  title		= {Rigorously Computed Orbits of Dynamical Systems Without
		  the Wrapping Effect},
  volume	= {61},
  year		= {1998}
}

@Book{		  kuncak03,
  author	= {Viktor Kuncak and K. Rustan M. Leino},
  title		= {On computing the fixpoint of a set of boolean equations},
  journal	= {CoRR},
  volume	= {cs.PL/0408045},
  year		= {2004},
  url		= {http://arxiv.org/abs/cs.PL/0408045},
  timestamp	= {Mon, 05 Dec 2011 18:05:38 +0100},
  biburl	= {http://dblp.uni-trier.de/rec/bib/journals/corr/cs-PL-0408045}
		  ,
  bibsource	= {dblp computer science bibliography, http://dblp.org}
}

@InCollection{	  kwiatkowska2010assume,
  title		= {Assume-guarantee verification for probabilistic systems},
  author	= {Kwiatkowska, Marta and Norman, Gethin and Parker, David
		  and Qu, Hongyang},
  booktitle	= {Tools and Algorithms for the Construction and Analysis of
		  Systems},
  pages		= {23--37},
  year		= {2010},
  publisher	= {Springer}
}

@Book{		  lambert91,
  address	= {New York, NY, USA},
  author	= {Lambert, J. D.},
  publisher	= {John Wiley \& Sons, Inc.},
  title		= {Numerical Methods for Ordinary Differential Systems: The
		  Initial Value Problem},
  year		= {1991}
}

@InProceedings{	  larsen2015online,
  title		= {Online and Compositional Learning of Controllers with
		  Application to Floor Heating},
  author	= {Larsen, Kim G and Miku{\v{c}}ionis, Marius and Muniz,
		  Marco and Srba, Jiri and Taankvist, Jakob Haahr},
  booktitle	= {Tools and Algorithms for Construction and Analysis of
		  Systems (TACAS),22nd International Conference},
  year		= {2016}
}

@Article{	  le2016control,
  title		= {Control of mechanical systems using set based methods},
  author	= {Le Co{\"e}nt, Adrien and de Vuyst, Florian and Rey,
		  Christian and Chamoin, Ludovic and Fribourg, Laurent},
  journal	= {International Journal of Dynamics and Control},
  pages		= {1--17},
  year		= {2016},
  publisher	= {Springer}
}

@InProceedings{	  le2016distributed,
  title		= {Distributed synthesis of state-dependent switching
		  control},
  author	= {Le Co{\"e}nt, Adrien and Fribourg, Laurent and Markey,
		  Nicolas and De Vuyst, Florian and Chamoin, Ludovic},
  booktitle	= {International Workshop on Reachability Problems},
  pages		= {119--133},
  year		= {2016},
  organization	= {Springer}
}

@Article{	  lecoent15,
  title		= {Guaranteed Control of Switched Control Systems Using Model
		  Order Reduction and State-Space Bisection},
  author	= {Le Co\"ent, A. and de Vusyt, F. and Rey, C. and Chamoin,
		  L. and Fribourg, L.},
  journal	= {Open Acces Series in Informatics},
  year		= {2015}
}

###Article{	  lecoent15,
  title		= {Guaranteed Control of Switched Control Systems Using Model
		  Order Reduction and State-Space Bisection},
  author	= {Le Co\"ent, A. and de Vusyt, F. and Rey, C. and Chamoin,
		  L. and Fribourg, L.},
  journal	= {Open Acces Series in Informatics},
  year		= {2015}
}

@InProceedings{	  lecoent2016,
  author	= {Le Co{\"e}nt, Adrien and Fribourg, Laurent and Markey,
		  Nicolas and de Vuyst, Florian and Chamoin, Ludovic},
  title		= {Distributed Synthesis of State-Dependent Switching
		  Control},
  booktitle	= {Workshop on Reachability Problems},
  year		= {2016},
  publisher	= {Springer},
  pages		= {119--133},
  volume	= {9899},
  series	= {LNCS}
}

@Article{	  leguernic2009,
  author	= {Colas Le Guernic and Antoine Girard},
  journal	= {Nonlinear Analysis: Hybrid Systems},
  title		= {Reachability analysis of linear systems using support
		  functions},
  year		= {2009}
}

@InProceedings{	  lempio95,
  author	= {Lempio, Frank},
  publisher	= {Kluwer Academic Publishers},
  title		= {Set-Valued Interpolation, Differential Inclusions, and
		  Sensitivity in Optimization},
  pages		= {137--169},
  booktitle	= {Recent Developments in Well-Posed Variational Problems},
  year		= {1995},
  doi		= {10.1007/978-94-015-8472-2_6}
}

@Book{		  liberzon2012switching,
  title		= {Switching in systems and control},
  author	= {Liberzon, Daniel},
  year		= {2012},
  publisher	= {Springer}
}

@Article{	  list07,
  author	= {Lin, Youdong and Stadtherr, Mark A.},
  journal	= {Appl. Numer. Math.},
  number	= {10},
  pages		= {1145--1162},
  title		= {Validated solutions of initial value problems for
		  parametric ODEs},
  volume	= {57},
  year		= {2007}
}

@Article{	  liu2013synthesis,
  title		= {Synthesis of reactive switching protocols from temporal
		  logic specifications},
  author	= {Liu, Jun and Ozay, Necmiye and Topcu, Ufuk and Murray,
		  Richard M.},
  journal	= {Automatic Control, IEEE Transactions on},
  volume	= {58},
  number	= {7},
  pages		= {1771--1785},
  year		= {2013},
  publisher	= {IEEE}
}

@Article{	  lohner87,
  author	= {Lohner, Rudolf J.},
  journal	= {Computer Arithmetic},
  pages		= {255-286},
  title		= {Enclosing the solutions of ordinary initial and boundary
		  value problems},
  year		= {1987}
}

@InCollection{	  lohner:2001kx,
  author	= {Lohner, Rudolf J.},
  booktitle	= {Perspectives on Enclosure Methods},
  pages		= {201-216},
  publisher	= {Springer Vienna},
  title		= {On the Ubiquity of the Wrapping Effect in the Computation
		  of Error Bounds},
  year		= {2001}
}

@Article{	  makino2006346,
  author	= {Makino, Kyoko and Berz, Martin},
  journal	= {Nuclear Instruments and Methods in Physics Research
		  Section A: Accelerators, Spectrometers, Detectors and
		  Associated Equipment},
  number	= {1},
  pages		= {346 - 350},
  title		= {{COSY} {INFINITY} Version 9},
  volume	= {558},
  year		= {2006}
}

@InProceedings{	  makino2009,
  author	= {Makino, Kyoko and Berz, Martin},
  title		= {Rigorous Integration of Flows and ODEs Using Taylor
		  Models},
  booktitle	= {Proceedings of the 2009 Conference on Symbolic Numeric
		  Computation},
  series	= {SNC '09},
  year		= {2009},
  isbn		= {978-1-60558-664-9},
  location	= {Kyoto, Japan},
  pages		= {79--84},
  numpages	= {6},
  doi		= {10.1145/1577190.1577206},
  acmid		= {1577206},
  publisher	= {ACM},
  address	= {New York, USA},
  keywords	= {double pendulum, error bound, initial value problem,
		  interval arithmetic, nonlinear flow of ode, rigorous flow
		  integration, rigorous ode integration, taylor model, taylor
		  polynomial}
}

@Article{	  marciniak:2004yg,
  author	= {Marciniak, Andrzej},
  journal	= {Numerical Algorithms},
  number	= {1-4},
  pages		= {241-251},
  title		= {Implicit Interval Methods for Solving the Initial Value
		  Problem},
  volume	= {37},
  year		= {2004}
}

@InBook{	  mazo2010,
  author	= {Mazo, Manuel and Davitian, Anna and Tabuada, Paulo},
  title		= {{PESSOA}: A Tool for Embedded Controller Synthesis},
  booktitle	= {Conference on Computer Aided Verification},
  year		= {2010},
  publisher	= {Springer},
  volume	= {6174},
  series	= {LNCS},
  pages		= {566--569}
}

@InCollection{	  mcmillan1999circular,
  title		= {Circular compositional reasoning about liveness},
  author	= {McMillan, Kenneth L},
  booktitle	= {Correct Hardware Design and Verification Methods},
  pages		= {342--346},
  year		= {1999},
  publisher	= {Springer}
}

@InProceedings{	  meyer2014ecc,
  title		= {Experimental Implementation of {UFAD} Regulation based on
		  Robust Controlled Invariance},
  author	= {Meyer, Pierre-Jean and Nazarpour, Hosein and Girard,
		  Antoine and Witrant, Emmanuel},
  booktitle	= {European Control Conference},
  pages		= {1468--1473},
  year		= {2014}
}

@Article{	  meyer2015safety,
  title		= {Safety control with performance guarantees of cooperative
		  systems using compositional abstractions},
  author	= {Meyer, Pierre-Jean and Girard, Antoine and Witrant,
		  Emmanuel},
  journal	= {IFAC-PapersOnLine},
  volume	= {48},
  number	= {27},
  pages		= {317--322},
  year		= {2015},
  publisher	= {Elsevier}
}

@PhDThesis{	  meyer:tel-01232640,
  title		= {{Invariance and symbolic control of cooperative systems
		  for temperature regulation in intelligent buildings}},
  author	= {Meyer, Pierre-Jean},
  number	= {2015GREAT076},
  school	= {{Universit{\'e} Grenoble Alpes}},
  year		= {2015},
  month		= sep,
  keywords	= {Cooperative system ; Robust controlled invariance ;
		  Abstraction-based synthesis ; Compositional synthesis ;
		  Intelligent building ; Syst{\`e}me coop{\'e}ratif ;
		  Invariance contr{\^o}l{\'e}e robuste ; Synth{\`e}se {\`a}
		  base d'abstraction ; Synth{\`e}se compositionnelle ;
		  B{\^a}timent intelligent},
  type		= {Theses},
  hal_id	= {tel-01232640},
  hal_version	= {v1}
}

@Unpublished{	  minimator,
  author	= {K\"uhne, Ulrich and Soulat, Romain},
  note		= {https://bitbucket.org/ukuehne/minimator/overview},
  title		= {MINIMATOR 1.0},
  year		= {2015}
}

@InProceedings{	  mitchell07,
  author	= {Mitchell, Ian M.},
  title		= {Comparing Forward and Backward Reachability as Tools for
		  Safety Analysis},
  booktitle	= {{HSCC} 2007, Pisa, Italy, April 3-5, 2007, Proceedings},
  pages		= {428--443},
  year		= {2007}
}

@Book{		  moheimani2006,
  title		= {Piezoelectric transducers for vibration control and
		  damping},
  author	= {Moheimani, S.O. R. and Fleming, A.J.},
  year		= {2006},
  publisher	= {Springer Science \& Business Media}
}

###Book{	  moheimani2006,
  title		= {Piezoelectric transducers for vibration control and
		  damping},
  author	= {Moheimani, S.O. R. and Fleming, A.J.},
  year		= {2006},
  publisher	= {Springer Science \& Business Media}
}

@Book{		  moore66,
  author	= {Moore, Ramon},
  publisher	= {Prentice Hall},
  title		= {Interval Analysis},
  year		= {1966}
}

@Article{	  moore81,
  author	= {B. C. Moore},
  title		= {Principal component analysis in linear systems:
		  Controllability, observability and model reduction},
  journal	= {IEEE Transaction on Automatic Control},
  volume	= {26},
  number	= {1},
  year		= {1981},
  pages		= {},
  bibsource	= {DBLP, http://dblp.uni-trier.de}
}

###Article{	  moore81,
  author	= {B. C. Moore},
  title		= {Principal component analysis in linear systems:
		  Controllability, observability and model reduction},
  journal	= {IEEE Transaction on Automatic Control},
  volume	= {26},
  number	= {1},
  year		= {1981},
  pages		= {},
  bibsource	= {DBLP, http://dblp.uni-trier.de}
}

@Article{	  moussa-jouan2011,
  author	= {Balde, M. and Jouan, P.},
  title		= {Geometry of the limit sets of linear switched systems},
  journal	= {SIAM J. Control Optim.},
  fjournal	= {SIAM Journal on Control and Optimization},
  volume	= {49},
  year		= {2011},
  number	= {3},
  pages		= {1048--1063},
  issn		= {0363-0129},
  coden		= {SJCODC},
  mrclass	= {93D20 (37N35 93C30)},
  mrnumber	= {2806574 (2012e:93136)},
  mrreviewer	= {Peng Nian Chen},
  doi		= {10.1137/100793153},
  url		= {http://dx.doi.org/10.1137/100793153}
}

###Article{	  moussa-jouan2011,
  author	= {Balde, M. and Jouan, P.},
  title		= {Geometry of the limit sets of linear switched systems},
  journal	= {SIAM J. Control Optim.},
  fjournal	= {SIAM Journal on Control and Optimization},
  volume	= {49},
  year		= {2011},
  number	= {3},
  pages		= {1048--1063},
  issn		= {0363-0129},
  coden		= {SJCODC},
  mrclass	= {93D20 (37N35 93C30)},
  mrnumber	= {2806574 (2012e:93136)},
  mrreviewer	= {Peng Nian Chen},
  doi		= {10.1137/100793153},
  url		= {http://dx.doi.org/10.1137/100793153}
}

@InProceedings{	  mpt3,
  author	= {M. Herceg and M. Kvasnica and C.N. Jones and M. Morari},
  title		= {{Multi-Parametric Toolbox 3.0}},
  booktitle	= {Proc.~of the European Control Conference},
  year		= {2013},
  address	= {Z\"urich, Switzerland},
  month		= {July 17--19},
  pages		= {502--510}
}

###InProceedings{ mpt3,
  author	= {M. Herceg and M. Kvasnica and C.N. Jones and M. Morari},
  title		= {{Multi-Parametric Toolbox 3.0}},
  booktitle	= {Proc.~of the European Control Conference},
  year		= {2013},
  address	= {Z\"urich, Switzerland},
  month		= {July 17--19},
  pages		= {502--510}
}

@Article{	  ms99,
  author	= {Marciniak, Andrzej and Szyszka, Barbara},
  journal	= {Computational Methods in Science and Technology},
  number	= {1},
  pages		= {53--65},
  title		= {One- and Two-Stage Implicit Interval Methods of
		  {R}unge-{K}utta Type},
  volume	= {5},
  year		= {1999}
}

@Article{	  msrk04,
  author	= {Marciniak, Andrzej and Szyszka, Barbara},
  journal	= {Computational Methods in Science and Technology},
  number	= {1},
  pages		= {57--71},
  title		= {On Representations of Coefficients in Implicit Interval
		  Methods of Runge-Kutta Type},
  volume	= {10},
  year		= {2004}
}

@InProceedings{	  nalditc07,
  author	= {Aur{\'{e}}lien Naldi and Denis Thieffry and Claudine
		  Chaouiya},
  title		= {Decision Diagrams for the Representation and Analysis of
		  Logical Models of Genetic Networks},
  booktitle	= {Computational Methods in Systems Biology, International
		  Conference, {CMSB} 2007, Edinburgh, Scotland, September
		  20-21, 2007, Proceedings},
  pages		= {233--247},
  year		= {2007},
  timestamp	= {Tue, 21 Oct 2008 15:15:52 +0200},
  biburl	= {http://dblp.uni-trier.de/rec/bib/conf/cmsb/NaldiTC07},
  bibsource	= {dblp computer science bibliography, http://dblp.org}
}

@InCollection{	  ned11,
  author	= {Nedialkov, Nedialko S.},
  booktitle	= {Modeling, Design, and Simulation of Systems with
		  Uncertainties},
  pages		= {3--19},
  publisher	= {Springer},
  title		= {Implementing a Rigorous ODE Solver Through Literate
		  Programming},
  volume	= {3},
  year		= {2011}
}

@Article{	  nedialkov,
  author	= {Nedialkov, Nedialko S. and Jackson R., Kenneth and
		  Corliss, Georges F.},
  journal	= {Appl. Math. and Comp.},
  number	= {1},
  pages		= {21 -- 68},
  title		= {Validated solutions of initial value problems for ordinary
		  differential equations},
  volume	= {105},
  year		= {1999}
}

@Article{	  nedialkov:1999xh,
  author	= {Nedialkov, Nedialko S. and Jackson, Kenneth R.},
  journal	= {Reliable Computing},
  number	= {3},
  pages		= {289-310},
  title		= {An Interval Hermite-Obreschkoff Method for Computing
		  Rigorous Bounds on the Solution of an Initial Value Problem
		  for an Ordinary Differential Equation},
  volume	= {5},
  year		= {1999}
}

@InCollection{	  nedialkov:2001fk,
  author	= {Nedialkov, Nedialko S. and Jackson, Kenneth R.},
  booktitle	= {Perspectives on Enclosure Methods},
  pages		= {219-263},
  publisher	= {Springer Vienna},
  title		= {A New Perspective on the Wrapping Effect in Interval
		  Methods for Initial Value Problems for Ordinary
		  Differential Equations},
  year		= {2001}
}

@InBook{	  neumaier1993,
  address	= {Vienna},
  author	= {Neumaier, A.},
  editor	= {Albrecht, R. and Alefeld, G. and Stetter, H. J.},
  pages		= {175--190},
  publisher	= {Springer Vienna},
  series	= { Computing Supplementum },
  title		= {The Wrapping Effect, Ellipsoid Arithmetic, Stability and
		  Confidence Regions},
  year		= {1993}
}

@InCollection{	  neumaier:1993fk,
  author	= {Neumaier, Arnold},
  booktitle	= {Validation Numerics},
  pages		= {175-190},
  publisher	= {Springer Vienna},
  series	= {Computing Supplementum},
  title		= {The Wrapping Effect, Ellipsoid Arithmetic, Stability and
		  Confidence Regions},
  volume	= {9},
  year		= {1993}
}

@InProceedings{	  nl_minimator,
  author	= {Le Co{\"e}nt, Adrien and Alexandre dit Sandretto, Julien
		  and Chapoutot, Alexandre and Fribourg, Laurent},
  booktitle	= {Workshop on Symbolic and Numerical Methods for
		  Reachability Analysis},
  title		= {Control of nonlinear switched systems based on validated
		  simulation},
  year		= {2016},
  publisher	= {IEEE},
  pages		= {1-6}
}

@Article{	  nong2009parameter,
  title		= {A parameter free ADI-like method for the numerical
		  solution of large scale Lyapunov equations},
  author	= {Nong, R. and Sorensen, D. C.},
  year		= {2009}
}

###Article{	  nong2009parameter,
  title		= {A parameter free ADI-like method for the numerical
		  solution of large scale Lyapunov equations},
  author	= {Nong, R. and Sorensen, D. C.},
  year		= {2009}
}

@Unpublished{	  nxsys,
  author	= {Greenberg, Bernard S.},
  title		= {NXSYS, Signaling and Interlocking Simulator},
  url		= {\url{http://www.nycsubway.org/wiki/NXSYS,\_Signalling\_and\_Interlocking\_Simulator}}
		  
}

@Misc{		  octave,
  key		= "Oct",
  title		= {{Octave} {W}eb Page},
  howpublished	= "{http://www.gnu.org/software/octave/}"
}

###Misc{	  octave,
  key		= "Oct",
  title		= {{Octave} {W}eb Page},
  howpublished	= "{http://www.gnu.org/software/octave/}"
}

@InCollection{	  pessoa,
  year		= {2010},
  isbn		= {978-3-642-14294-9},
  booktitle	= {Computer Aided Verification},
  volume	= {6174},
  series	= {Lecture Notes in Computer Science},
  editor	= {Touili, T. and Cook, B. and Jackson, P.},
  doi		= {10.1007/978-3-642-14295-6\_49},
  title		= {PESSOA: A Tool for Embedded Controller Synthesis},
  publisher	= {Springer Berlin Heidelberg},
  author	= {Mazo Jr., M. and Davitian, A. and Tabuada, P.},
  pages		= {566-569},
  language	= {English}
}

###InCollection{  pessoa,
  year		= {2010},
  isbn		= {978-3-642-14294-9},
  booktitle	= {Computer Aided Verification},
  volume	= {6174},
  series	= {Lecture Notes in Computer Science},
  editor	= {Touili, T. and Cook, B. and Jackson, P.},
  doi		= {10.1007/978-3-642-14295-6\_49},
  title		= {PESSOA: A Tool for Embedded Controller Synthesis},
  publisher	= {Springer Berlin Heidelberg},
  author	= {Mazo Jr., M. and Davitian, A. and Tabuada, P.},
  pages		= {566-569},
  language	= {English}
}

@Article{	  picassob07,
  author	= {B. Picasso and A. Bicchi},
  title		= {On the Stabilization of Linear Systems Under Assigned I/O
		  Quantization},
  journal	= {IEEE Trans. Automat. Contr.},
  volume	= {52},
  number	= {10},
  year		= {2007},
  pages		= {1994-2000},
  bibsource	= {DBLP, http://dblp.uni-trier.de}
}

###Article{	  picassob07,
  author	= {B. Picasso and A. Bicchi},
  title		= {On the Stabilization of Linear Systems Under Assigned I/O
		  Quantization},
  journal	= {IEEE Trans. Automat. Contr.},
  volume	= {52},
  number	= {10},
  year		= {2007},
  pages		= {1994-2000},
  bibsource	= {DBLP, http://dblp.uni-trier.de}
}

@Article{	  pod1,
  year		= {2005},
  issn		= {0924-090X},
  journal	= {Nonlinear Dynamics},
  volume	= {41},
  number	= {1-3},
  doi		= {10.1007/s11071-005-2803-2},
  title		= {The Method of Proper Orthogonal Decomposition for
		  Dynamical Characterization and Order Reduction of
		  Mechanical Systems: An Overview},
  url		= {http://dx.doi.org/10.1007/s11071-005-2803-2},
  publisher	= {Kluwer Academic Publishers},
  keywords	= {dynamic characterization; order reduction; proper
		  orthogonal decomposition},
  author	= {Kerschen, G. and Golinval, J.-C. and Vakakis, A. and
		  Bergman, L.},
  pages		= {147-169},
  language	= {English}
}

###Article{	  pod1,
  year		= {2005},
  issn		= {0924-090X},
  journal	= {Nonlinear Dynamics},
  volume	= {41},
  number	= {1-3},
  doi		= {10.1007/s11071-005-2803-2},
  title		= {The Method of Proper Orthogonal Decomposition for
		  Dynamical Characterization and Order Reduction of
		  Mechanical Systems: An Overview},
  url		= {http://dx.doi.org/10.1007/s11071-005-2803-2},
  publisher	= {Kluwer Academic Publishers},
  keywords	= {dynamic characterization; order reduction; proper
		  orthogonal decomposition},
  author	= {Kerschen, G. and Golinval, J.-C. and Vakakis, A. and
		  Bergman, L.},
  pages		= {147-169},
  language	= {English}
}

@InProceedings{	  ramaratnam2004semi,
  title		= {Semi-active vibration control using piezoelectric-based
		  switched stiffness},
  author	= {Ramaratnam, A. and Jalili, N. and Dawson, D. M.},
  booktitle	= {American Control Conference, 2004. Proceedings of the
		  2004},
  volume	= {6},
  pages		= {5461--5466},
  year		= {2004},
  organization	= {IEEE}
}

###InProceedings{ ramaratnam2004semi,
  title		= {Semi-active vibration control using piezoelectric-based
		  switched stiffness},
  author	= {Ramaratnam, A. and Jalili, N. and Dawson, D. M.},
  booktitle	= {American Control Conference, 2004. Proceedings of the
		  2004},
  volume	= {6},
  pages		= {5461--5466},
  year		= {2004},
  organization	= {IEEE}
}

@Article{	  rauh2009,
  author	= {Rauh, Andreas and Brill, Michael and G\"{u}Nther, Clemens},
  journal	= {International Journal on Applied Mathematical Computation
		  Science},
  number	= {3},
  pages		= {381--397},
  title		= {A Novel Interval Arithmetic Approach for Solving
		  Differential-Algebraic Equations with {ValEncIA-IVP}},
  volume	= {19},
  year		= {2009}
}

@Article{	  reissig2015feedback,
  title		= {Feedback refinement relations for the synthesis of
		  symbolic controllers},
  author	= {Reissig, Gunther and Weber, Alexander and Rungger,
		  Matthias},
  journal	= {arXiv preprint arXiv:1503.03715},
  year		= {2015}
}

@TechReport{	  report,
  author	= {Alexandre dit Sandretto, Julien and Chapoutot, Alexandre},
  institution	= {{ENSTA ParisTech}},
  title		= {{Validated Solution of Initial Value Problem for Ordinary
		  Differential Equations based on Explicit and Implicit
		  Runge-Kutta Schemes}},
  type		= {Research Report},
  year		= {2015}
}

@Article{	  riedinger-sigalotti-daafouz2010,
  author	= {Riedinger, P. and Sigalotti, M. and Daafouz, J.},
  title		= {On the algebraic characterization of invariant sets of
		  switched linear systems},
  journal	= {Automatica J. IFAC},
  fjournal	= {Automatica. A Journal of IFAC, the International
		  Federation of Automatic Control},
  volume	= {46},
  year		= {2010},
  number	= {6},
  pages		= {1047--1052},
  issn		= {0005-1098},
  coden		= {ATCAA9},
  mrclass	= {93B25 (93C30 93D05)},
  mrnumber	= {2877186 (2012m:93104)},
  doi		= {10.1016/j.automatica.2010.03.001},
  url		= {http://dx.doi.org/10.1016/j.automatica.2010.03.001}
}

###Article{	  riedinger-sigalotti-daafouz2010,
  author	= {Riedinger, P. and Sigalotti, M. and Daafouz, J.},
  title		= {On the algebraic characterization of invariant sets of
		  switched linear systems},
  journal	= {Automatica J. IFAC},
  fjournal	= {Automatica. A Journal of IFAC, the International
		  Federation of Automatic Control},
  volume	= {46},
  year		= {2010},
  number	= {6},
  pages		= {1047--1052},
  issn		= {0005-1098},
  coden		= {ATCAA9},
  mrclass	= {93B25 (93C30 93D05)},
  mrnumber	= {2877186 (2012m:93104)},
  doi		= {10.1016/j.automatica.2010.03.001},
  url		= {http://dx.doi.org/10.1016/j.automatica.2010.03.001}
}

@Article{	  roweis2000nonlinear,
  title		= {Nonlinear dimensionality reduction by locally linear
		  embedding},
  author	= {Roweis, S. T. and Saul, L. K.},
  journal	= {Science},
  volume	= {290},
  number	= {5500},
  pages		= {2323--2326},
  year		= {2000},
  publisher	= {American Association for the Advancement of Science}
}

###Article{	  roweis2000nonlinear,
  title		= {Nonlinear dimensionality reduction by locally linear
		  embedding},
  author	= {Roweis, S. T. and Saul, L. K.},
  journal	= {Science},
  volume	= {290},
  number	= {5500},
  pages		= {2323--2326},
  year		= {2000},
  publisher	= {American Association for the Advancement of Science}
}

@TechReport{	  rukas14,
  author	= {Rump, Siegfried M. and Kashiwagi, Masahide},
  institution	= {Under submission},
  title		= {Implementation and improvements of affine arithmetic},
  year		= {2014}
}

@Article{	  salah2015synthesis,
  title		= {Synthesis of a robust controller with reduced dimension by
		  the Loop Shaping Design Procedure and decomposition based
		  on Laguerre functions},
  author	= {Salah, A. A. H. and Garna, T. and Ragot, J. and Messaoud,
		  H.},
  journal	= {Transactions of the Institute of Measurement and Control},
  pages		= {0142331215583101},
  year		= {2015},
  publisher	= {SAGE Publications}
}

###Article{	  salah2015synthesis,
  title		= {Synthesis of a robust controller with reduced dimension by
		  the Loop Shaping Design Procedure and decomposition based
		  on Laguerre functions},
  author	= {Salah, A. A. H. and Garna, T. and Ragot, J. and Messaoud,
		  H.},
  journal	= {Transactions of the Institute of Measurement and Control},
  pages		= {0142331215583101},
  year		= {2015},
  publisher	= {SAGE Publications}
}

@Article{	  sangiovanni-vincentellidp12,
  added-at	= {2012-11-06T00:00:00.000+0100},
  author	= {Sangiovanni-Vincentelli, Alberto L. and Damm, Werner and
		  Passerone, Roberto},
  biburl	= {http://www.bibsonomy.org/bibtex/2b5bb1119a3761b3ded70b53cab31ac7c/dblp}
		  ,
  ee		= {http://dx.doi.org/10.3166/ejc.18.217-238},
  interhash	= {bfdf1df55f32dd0a940d801cd946af14},
  journal	= {Eur. J. Control},
  keywords	= {dblp},
  number	= 3,
  pages		= {217-238},
  timestamp	= {2012-11-07T11:40:41.000+0100},
  title		= {Taming Dr. Frankenstein: Contract-Based Design for
		  Cyber-Physical Systems.},
  volume	= 18,
  year		= 2012
}

@Article{	  sangiovanni2012taming,
  title		= {Taming Dr. Frankenstein: Contract-based design for
		  cyber-physical systems},
  author	= {Sangiovanni-Vincentelli, Alberto and Damm, Werner and
		  Passerone, Roberto},
  journal	= {European journal of control},
  volume	= {18},
  number	= {3},
  pages		= {217--238},
  year		= {2012},
  publisher	= {Elsevier}
}

@InProceedings{	  scots,
  author	= {Rungger, Matthias and Zamani, Majid},
  title		= {{SCOTS}: A Tool for the Synthesis of Symbolic
		  Controllers},
  booktitle	= {Proceedings of the 19th International Conference on Hybrid
		  Systems: Computation and Control},
  year		= {2016},
  pages		= {99--104},
  publisher	= {ACM}
}

@Article{	  serres2011convergence,
  title		= {On the convergence of linear switched systems},
  author	= {Serres, U. and Vivalda, J.-C. and Riedinger, P.},
  journal	= {IEEE Transactions on Automatic Control},
  volume	= {56},
  number	= {2},
  pages		= {320--332},
  year		= {2011}
}

###Article{	  serres2011convergence,
  title		= {On the convergence of linear switched systems},
  author	= {Serres, U. and Vivalda, J.-C. and Riedinger, P.},
  journal	= {IEEE Transactions on Automatic Control},
  volume	= {56},
  number	= {2},
  pages		= {320--332},
  year		= {2011}
}

@Book{		  sgt03,
  author	= {Shampine, Lawrence F. and Gladwell, Ian and Thompson,
		  Skip},
  publisher	= {Cambridge Univ. Press},
  title		= {Solving ODEs with MATLAB},
  year		= {2003}
}

@Article{	  shahruz1998,
  title		= {Boundary control of the axially moving Kirchhoff string},
  author	= {Shahruz, S. M.},
  journal	= {Automatica},
  volume	= {34},
  number	= {10},
  pages		= {1273--1277},
  year		= {1998},
  publisher	= {Elsevier}
}

###Article{	  shahruz1998,
  title		= {Boundary control of the axially moving Kirchhoff string},
  author	= {Shahruz, S. M.},
  journal	= {Automatica},
  volume	= {34},
  number	= {10},
  pages		= {1273--1277},
  year		= {1998},
  publisher	= {Elsevier}
}

@InProceedings{	  smithno16,
  author	= {Stanley W. Smith and Petter Nilsson and Necmiye Ozay},
  title		= {Interdependence quantification for compositional control
		  synthesis with an application in vehicle safety systems},
  booktitle	= {55th {IEEE} Conference on Decision and Control, {CDC}
		  2016, Las Vegas, NV, USA, December 12-14, 2016},
  pages		= {5700--5707},
  year		= {2016},
  doi		= {10.1109/CDC.2016.7799145},
  timestamp	= {Tue, 03 Jan 2017 15:16:45 +0100},
  biburl	= {http://dblp2.uni-trier.de/rec/bib/conf/cdc/SmithNO16},
  bibsource	= {dblp computer science bibliography, http://dblp.org}
}

@InProceedings{	  snr17,
  author	= {Le Co\"ent, Adrien and De Vuyst, Florian and Chamoin,
		  Ludovic and Fribourg, Laurent},
  year		= {2017},
  title		= {Control Synthesis of Nonlinear Sampled Switched Systems
		  using {E}uler's Method},
  booktitle	= {Proc. of International Workshop on Symbolic and Numerical
		  Methods for Reachability Analysis},
  series	= {EPTCS},
  volume	= {247},
  publisher	= {Open Publishing Association},
  pages		= {18-33}
}

@PhDThesis{	  stauning97,
  author	= {Stauning, Ole},
  school	= {Technical University of Denmark, DK-2800},
  title		= {Automatic Validation of Numerical Solutions},
  type		= {PhD thesis},
  year		= {1997}
}

@Book{		  tab09,
  title		= {Verification and control of hybrid systems: a symbolic
		  approach},
  author	= {Tabuada, P.},
  year		= {2009},
  publisher	= {Springer Science \& Business Media}
}

###Book{	  tab09,
  title		= {Verification and control of hybrid systems: a symbolic
		  approach},
  author	= {Tabuada, P.},
  year		= {2009},
  publisher	= {Springer Science \& Business Media}
}

@Book{		  tabuada2009verification,
  title		= {Verification and control of hybrid systems: a symbolic
		  approach},
  author	= {Tabuada, Paulo},
  year		= {2009},
  publisher	= {Springer Science \& Business Media}
}

@Article{	  tong-zhou-wang-mou14,
  author	= {D. Tong and W. Zhou and A. Dai and H. Wang and X. Mou and
		  Y. Xu},
  title		= {$H_{\infty}$ model reduction for the distillation column
		  linear system},
  journal	= {Circuits Syst Signal Process},
  volume	= {},
  number	= {},
  year		= {2014},
  pages		= {},
  bibsource	= {DBLP, http://dblp.uni-trier.de}
}

###Article{	  tong-zhou-wang-mou14,
  author	= {D. Tong and W. Zhou and A. Dai and H. Wang and X. Mou and
		  Y. Xu},
  title		= {$H_{\infty}$ model reduction for the distillation column
		  linear system},
  journal	= {Circuits Syst Signal Process},
  volume	= {},
  number	= {},
  year		= {2014},
  pages		= {},
  bibsource	= {DBLP, http://dblp.uni-trier.de}
}

@Article{	  tucker:2002fk,
  author	= {Tucker, Warwick},
  journal	= {Foundations of Computational Mathematics},
  number	= {1},
  pages		= {53-117},
  title		= {A Rigorous ODE Solver and Smale's 14th Problem},
  volume	= {2},
  year		= {2002}
}

@Unpublished{	  ulrich,
  author	= {K\"uhne, Ulrich and Soulat, Romain},
  note		= {https://bitbucket.org/ukuehne/minimator/overview},
  title		= {MINIMATOR 1.0},
  year		= {2015}
}

@Article{	  wang2012boolean,
  title		= {Boolean modeling in systems biology: an overview of
		  methodology and applications},
  author	= {Wang, Rui-Sheng and Saadatpour, Assieh and Albert, Reka},
  journal	= {Physical biology},
  volume	= {9},
  number	= {5},
  year		= {2012},
  publisher	= {IOP Publishing}
}

@Article{	  willcox02,
  author	= {K. Willcox and J. Peraire},
  title		= {Balanced model reduction via the proper orthogonal
		  decomposition},
  journal	= {AIAA Journal},
  year		= {2002},
  pages		= {2323--2330}
}

###Article{	  willcox02,
  author	= {K. Willcox and J. Peraire},
  title		= {Balanced model reduction via the proper orthogonal
		  decomposition},
  journal	= {AIAA Journal},
  year		= {2002},
  pages		= {2323--2330}
}

@Article{	  wuenschediscrete,
  title		= {Discrete dynamical networks and their attractor basins},
  author	= {Wuensche, Andrew and others},
  journal	= {Complexity International},
  volume	= {6},
  pages		= {3--21},
  year		= {1998}
}

@Article{	  yang2015lyapunov,
  title		= {A Lyapunov-based small-gain theorem for interconnected
		  switched systems},
  author	= {Yang, Guosong and Liberzon, Daniel},
  journal	= {Systems \& Control Letters},
  volume	= {78},
  pages		= {47--54},
  year		= {2015},
  publisher	= {Elsevier}
}

@Article{	  zamani2012symbolic,
  title		= {Symbolic models for nonlinear control systems without
		  stability assumptions},
  author	= {Zamani, Majid and Pola, Giordano and Mazo, Manuel and
		  Tabuada, Paulo},
  journal	= {IEEE Transactions on Automatic Control},
  volume	= {57},
  number	= {7},
  pages		= {1804--1809},
  year		= {2012},
  publisher	= {IEEE}
}

@Article{	  zhang2007algorithms,
  title		= {Algorithms for finding small attractors in Boolean
		  networks},
  author	= {Zhang, Shu-Qin and Hayashida, Morihiro and Akutsu, Tatsuya
		  and Ching, Wai-Ki and Ng, Michael K},
  journal	= {EURASIP Journal on Bioinformatics and Systems Biology},
  volume	= {2007},
  number	= {1},
  pages		= {1--13},
  year		= {2007},
  publisher	= {Springer}
}

@Article{	  zhao2005remark,
  title		= {A remark on" Scalar equations for synchronous Boolean
		  networks with biological Applications" by C. Farrow, J.
		  Heidel, J. Maloney, and J. Rogers},
  author	= {Zhao, Qianchuan},
  journal	= {Neural Networks, IEEE Transactions on},
  volume	= {16},
  number	= {6},
  pages		= {1715--1716},
  year		= {2005},
  publisher	= {IEEE}
}

@Article{	  zhao2013aggregation,
  title		= {Aggregation algorithm towards large-scale Boolean network
		  analysis},
  author	= {Zhao, Yin and Kim, Jongrae and Filippone, Maurizio},
  journal	= {Automatic Control, IEEE Transactions on},
  volume	= {58},
  number	= {8},
  pages		= {1976--1985},
  year		= {2013},
  publisher	= {IEEE}
}

@article{eftang2010posteriori,
  title={A posteriori error bounds for the empirical interpolation method},
  author={Eftang, Jens L and Grepl, Martin A and Patera, Anthony T},
  journal={Comptes Rendus Mathematique},
  volume={348},
  number={9-10},
  pages={575--579},
  year={2010},
  publisher={Elsevier}
}

@article{maday2007general,
  title={A general, multipurpose interpolation procedure: the magic points},
  author={Maday, Yvon and Nguyen, Ngoc Cuong and Patera, Anthony T and Pau, George SH},
  year={2007}
}

@article{zienkiewicz1987simple,
  title={A simple error estimator and adaptive procedure for practical engineerng analysis},
  author={Zienkiewicz, Olgierd C and Zhu, Jian Z},
  journal={International journal for numerical methods in engineering},
  volume={24},
  number={2},
  pages={337--357},
  year={1987},
  publisher={Wiley Online Library}
}

@article{chinesta2010recent,
  title={Recent advances and new challenges in the use of the proper generalized decomposition for solving multidimensional models},
  author={Chinesta, Francisco and Ammar, Amine and Cueto, El{\'\i}as},
  journal={Archives of Computational methods in Engineering},
  volume={17},
  number={4},
  pages={327--350},
  year={2010},
  publisher={Springer}
}


