
@article{Butcher63,
	Author = {Butcher, John C.},
	Journal = {Journal of the Australian Mathematical Society},
	Month = {5},
	Pages = {185--201},
	Title = {Coefficients for the study of {Runge-Kutta}
                  integration processes},
	Volume = {3},
	Year = {1963}}

@book{Moore66,
	Author = {Moore, Ramon},
	Publisher = {Prentice Hall},
	Title = {Interval Analysis},
	Year = {1966}}

@article{Detest,
	Author = {Enright, W. H. and Pryce, J. D.},
	Journal = {ACM Transations on Mathematical Software},
	Number = {1},
	Pages = {1--27},
	Title = {Two {FORTRAN} packages for assessing initial value methods},
	Volume = {13},
	Year = {1987}}

@article{Lohner87,
	Author = {Lohner, Rudolf J.},
	Journal = {Computer Arithmetic},
	Pages = {255-286},
	Title = {Enclosing the solutions of ordinary initial and
                  boundary value problems},
	Year = {1987}}

@article{CashK90,
	Author = {Jeff R. Cash and Alan H. Karp},
	Journal = {ACM Trans. Math. Softw.},
	Number = {3},
	Pages = {201-222},
	Title = {A variable order {R}unge-{K}utta method for IVP with
                  rapidly varying right-hand sides},
	Volume = {16},
	Year = {1990}}

@book{Lambert91,
        Address = {New York, NY, USA},
        Author = {Lambert, J. D.},
        Publisher = {John Wiley \& Sons, Inc.},
        Title = {Numerical Methods for Ordinary Differential Systems:
                  The Initial Value Problem},
        Year = {1991}}

@incollection{Neumaier:1993fk,
	Author = {Neumaier, Arnold},
	Booktitle = {Validation Numerics},
	Pages = {175-190},
	Publisher = {Springer Vienna},
	Series = {Computing Supplementum},
	Title = {The Wrapping Effect, Ellipsoid Arithmetic, Stability
                  and Confidence Regions},
	Volume = {9},
	Year = {1993}}

@book{AffineA97,
	Author = {de Figueiredo, Luis Henrique and Stolfi, Jorge},
	Publisher = {IMPA/CNPq},
	Series = {Brazilian Mathematics Colloquium monographs},
	Title = {Self-Validated Numerical Methods and Applications},
	Year = {1997}}

@phdthesis{Stauning97,
	Author = {Stauning, Ole},
	School = {Technical University of Denmark, DK-2800},
	Title = {Automatic Validation of Numerical Solutions},
	Type = {PhD thesis},
	Year = {1997}}

@article{Kuhn:1998:RCO:287056.287083,
	Author = {K\"{u}hn, W.},
	Journal = {Computing},
	Number = {1},
	Pages = {47--67},
	Title = {Rigorously Computed Orbits of Dynamical Systems
                  Without the Wrapping Effect},
	Volume = {61},
	Year = {1998}}

@article{Nedialkov,
	Author = {Nedialkov, Nedialko S. and Jackson R., Kenneth and Corliss,
                  Georges F.},
	Journal = {Appl. Math. and Comp.},
	Number = {1},
	Pages = {21 -- 68},
	Title = {Validated solutions of initial value problems for
                  ordinary differential equations},
	Volume = {105},
	Year = {1999}}


@article{Nedialkov:1999xh,
	Author = {Nedialkov, Nedialko S. and Jackson, Kenneth R.},
	Journal = {Reliable Computing},
	Number = {3},
	Pages = {289-310},
	Title = {An Interval Hermite-Obreschkoff Method for Computing
                  Rigorous Bounds on the Solution of an Initial Value
                  Problem for an Ordinary Differential Equation},
	Volume = {5},
	Year = {1999}}

@article{MS99,
	Author = {Marciniak, Andrzej and Szyszka, Barbara},
	Journal = {Computational Methods in Science and Technology},
	Number = {1},
	Pages = {53--65},
	Title = {One- and Two-Stage Implicit Interval Methods of
                  {R}unge-{K}utta Type},
	Volume = {5},
	Year = {1999}}

@article{GMS00,
	Author = {Gajda, Karol and Marciniak, Andrzej and Szyszka, Barbara},
	Journal = {Computational Methods in Science and Technology},
	Number = {1},
	Pages = {41--59},
	Title = {Three- and Four-Stage Implicit Interval Methods of
                  {R}unge-{K}utta Type},
	Volume = {6},
	Year = {2000}}

@inproceedings{HHMW00,
	Author = {Henzinger, Thomas A. and Horowitz, Benjamin and
                  Majumdar, Rupak and Wong-Toi, Howard},
	Booktitle = {HSCC},
	Pages = {130-144},
	Publisher = {Springer},
	Series = {LNCS},
	Title = {Beyond {HYTECH}: Hybrid Systems Analysis Using
                  Interval Numerical Methods},
	Volume = {1790},
	Year = {2000}}

@incollection{Nedialkov:2001fk,
	Author = {Nedialkov, Nedialko S. and Jackson, Kenneth R.},
	Booktitle = {Perspectives on Enclosure Methods},
	Pages = {219-263},
	Publisher = {Springer Vienna},
	Title = {A New Perspective on the Wrapping Effect in Interval
                  Methods for Initial Value Problems for Ordinary
                  Differential Equations},
	Year = {2001}}

@book{JKDW01,
	Author = {Jaulin, Luc and Kieffer, Michel and Didrit, Olivier and
                  Walter, Eric},
	Publisher = {Springer},
	Title = {{Applied Interval Analysis}},
	Year = 2001}


@article{Bornemann01,
	Author = {Bornemann, Folkmar},
	Journal = {Selcuk Journal of Applied Mathematics},
	Number = {1},
	Title = {Runge-Kutta Methods, Trees, and Maple - On a Simple
                  Proof of Butcher's Theorem and the Automatic
                  Generation of Order Condition},
	Volume = {2},
	Year = {2001}}

@incollection{Lohner:2001kx,
	Author = {Lohner, Rudolf J.},
	Booktitle = {Perspectives on Enclosure Methods},
	Pages = {201-216},
	Publisher = {Springer Vienna},
	Title = {On the Ubiquity of the Wrapping Effect in the
                  Computation of Error Bounds},
	Year = {2001}}

@article{Tucker:2002fk,
	Author = {Tucker, Warwick},
	Journal = {Foundations of Computational Mathematics},
	Number = {1},
	Pages = {53-117},
	Title = {A Rigorous ODE Solver and Smale's 14th Problem},
	Volume = {2},
	Year = {2002}}

@book{SGT03,
	Author = {Shampine, Lawrence F. and Gladwell, Ian and
                  Thompson, Skip},
	Publisher = {Cambridge Univ. Press},
	Title = {Solving ODEs with MATLAB},
	Year = {2003}}

@article{MSrk04,
	Author = {Marciniak, Andrzej and Szyszka, Barbara},
	Journal = {Computational Methods in Science and Technology},
	Number = {1},
	Pages = {57--71},
	Title = {On Representations of Coefficients in Implicit
                  Interval Methods of Runge-Kutta Type},
	Volume = {10},
	Year = {2004}}

@article{Marciniak:2004yg,
	Author = {Marciniak, Andrzej},
	Journal = {Numerical Algorithms},
	Number = {1-4},
	Pages = {241-251},
	Title = {Implicit Interval Methods for Solving the Initial
                  Value Problem},
	Volume = {37},
	Year = {2004}}

@inproceedings{Combastel05,
	Author = {Combastel, Christophe},
	Booktitle = {Conference on Decision and Control},
	Title = {A State Bounding Observer for Uncertain Non-linear
                  Continuous-time Systems based on Zonotopes},
	Publisher = {IEEE},
	Year = {2005}}

@inproceedings{BM06,
	Author = {Bouissou, Olivier and Martel, Matthieu},
	Booktitle = {{Scientific Computing, Computer Arithmetic and
                  Validated Numerics}},
	Title = {{GRKLib: a Guaranteed Runge Kutta Library}},
	Year = {2006}}

@book{HLW06,
	Author = {Hairer, Ernst and Lubich, Christian and Wanner,
                  Gerhard},
	Publisher = {Springer},
	Series = {Computational Mathematics},
	Title = {Geometric numerical integration:
                  structure-preserving algorithms for ordinary
                  differential equations},
	Year = 2006}

@article{Makino2006346,
	Author = {Makino, Kyoko and Berz, Martin},
	Journal = {Nuclear Instruments and Methods in Physics Research
                  Section A: Accelerators, Spectrometers, Detectors
                  and Associated Equipment},
	Number = {1},
	Pages = {346 - 350},
	Title = {{COSY} {INFINITY} Version 9},
	Volume = {558},
	Year = {2006}}

@article{LiSt07,
	Author = {Lin, Youdong and Stadtherr, Mark A.},
	Journal = {Appl. Numer. Math.},
	Number = {10},
	Pages = {1145--1162},
	Title = {Validated solutions of initial value problems for
                  parametric ODEs},
	Volume = {57},
	Year = {2007}}

@inproceedings{Gajda:2008fk,
	Author = {Gajda, Karol and Jankowska, Ma{\l}gorzata and
                  Marciniak, Andrzej and Szyszka, Barbara},
	Booktitle = {Parallel Processing and Applied Mathematics},
	Pages = {1361-1371},
	Publisher = {Springer Berlin Heidelberg},
	Series = {LNCS},
	Title = {A Survey of Interval {R}unge--{K}utta and Multistep
                  Methods for Solving the Initial Value Problem},
	Volume = {4967},
	Year = {2008}}

@book{HNW93,
	Author = {Hairer, Ernst and Norsett, Syvert Paul  and Wanner,
                  Grehard},
	Publisher = {Springer-Verlag},
        Edition = {2nd},
	Title = {Solving Ordinary Differential Equations~{I}: Nonstiff
                  Problems},
	Year = {2009}}

@article{chabert2009contractor,
	Author = {Chabert, Gilles and Jaulin, Luc},
	Journal = {Artificial Intelligence},
	Number = {11},
	Pages = {1079--1100},
	Title = {Contractor programming},
	Volume = {173},
	Year = {2009}}

@inproceedings{BGPTV09,
	Author = {Bouissou, Olivier and Goubault, Eric and Putot,
                  Sylvie and Tekkal, Karim and Vedrine, Franck},
	Booktitle = {CAV},
	Pages = {620--626},
	Publisher = {Springer},
	Series = {LNCS},
	Title = {{HybridFluctuat}: A Static Analyzer of Numerical
                  Programs within a Continuous Environment},
	Volume = {5643},
	Year = {2009}}

@book{handbookfloat09,
	Author = {{M}uller, J{.}-M{.} and {B}risebarre,
                  N{.} and {D}e {D}inechin, F{.} and
                  {J}eannerod, {C}{.}-{P}{.} and {L}ef{\`e}vre,
                  {V}{.} and {M}elquiond, {G}{.} and {R}evol,
                  {N}{.} and {S}tehl{\'e}, {D}{.} and {T}orres,
                  {S}{.}},
	Publisher = {{B}irkhauser},
	Title = {{H}andbook of {F}loating-{P}oint {A}rithmetic},
	Year = {2009}}

@article{Gueguen200925,
	Author = {Gu{\'e}guen, Herv{\'e} and Lefebvre, Marie-Anne and
                  Zaytoon, Janan and Nasri, Othman},
	Journal = {Annual Reviews in Control},
	Number = {1},
	Pages = {25-36},
	Title = {Safety verification and reachability analysis for
                  hybrid systems},
	Volume = {33},
	Year = {2009}}

@article{Rauh2009,
	Author = {Rauh, Andreas and Brill, Michael and G\"{u}Nther, Clemens},
	Journal = {International Journal on Applied Mathematical
                  Computation Science},
	Number = {3},
	Pages = {381--397},
	Title = {A Novel Interval Arithmetic Approach for Solving
                  Differential-Algebraic Equations with
                  {ValEncIA-IVP}},
	Volume = {19},
	Year = {2009}}


@inproceedings{FLD+11,
    title = {{SpaceEx}: Scalable Verification of Hybrid Systems },
    author = {Frehse, Goran and Le Guernic, Colas and Donz\'e,
                  Alexandre and Cotton, Scott and Ray, Rajarshi and
                  Lebeltel, Olivier and Ripado, Rodolfo and Girard,
                  Antoine and Dang, Thao and Maler, Oded},
    year = {2011},
    booktitle = {Computer Aided Verification},
    publisher = {Springer},
    series = {LNCS}}

@inproceedings{ERNF11,
	Author = {Eggers, Andreas and Ramdani, Nacim and Nedialkov,
                  Nedialko and Fr\"anzle, Martin},
	Booktitle = {SEFM},
	Pages = {172-187},
	Publisher = {Springer},
	Series = {LNCS},
	Title = {Improving {SAT} Modulo {ODE} for Hybrid Systems
                  Analysis by Combining Different Enclosure Methods},
	Volume = {7041},
	Year = {2011}}

@incollection{Ned11,
	Author = {Nedialkov, Nedialko S.},
	Booktitle = {Modeling, Design, and Simulation of Systems with
                  Uncertainties},
	Pages = {3--19},
	Publisher = {Springer},
	Title = {Implementing a Rigorous ODE Solver Through Literate
                  Programming},
	Volume = {3},
	Year = {2011}}


@inproceedings{CAS12,
	Author = {Chen, Xin and Abraham, Erika and Sankaranarayanan, Sriram},
	Booktitle = {IEEE 33rd Real-Time Systems Symposium},
	Pages = {183--192},
	Publisher = {IEEE Computer Society},
	Title = {Taylor Model Flowpipe Construction for Non-linear
                  Hybrid Systems},
	Year = {2012}}

@inproceedings{BC12,
	Author = {Bouissou, Olivier and Chapoutot, Alexandre},
	Booktitle = {Languages, Compilers and Tools for Embeddeed Systems},
	Publisher = {ACM},
	Title = {An Operational Semantics for {S}imulink's Simulation
                  Engine},
	Year = {2012}}

@inproceedings{BMC12,
	Author = {Bouissou, Olivier and Mimram, Samuel and Chapoutot,
                  Alexandre},
	Booktitle = {Rapid System Prototyping},
	Publisher = {IEEE},
	Title = {{HySon}: Set-Based Simulation of Hybrid Systems},
	Year = {2012}}

@article{AR12,
	Author = {Auer, Ekaterina and Rauh, Andreas},
	Journal = {Computing},
	Number = {2-4},
	Pages = {163-172},
	Title = {VERICOMP: a system to compare and assess verified IVP
                  solvers},
	Volume = {94},
	Year = {2012}}

@inproceedings{BCD13,
	Author = {Bouissou, Olivier and Chapoutot, Alexandre and
                  Djoudi, Adel},
	Booktitle = {NASA Formal Methods},
	Number = {7871},
	Pages = {108--123},
	Publisher = {Springer},
	Series = {LNCS},
	Title = {Enclosing Temporal Evolution of Dynamical Systems
                  Using Numerical Methods},
	Year = {2013}}

@inproceedings{Althoff2013a,
	Author = {Althoff, Matthias},
	Booktitle = {Hybrid Systems: Computation and Control},
	Pages = {173-182},
	Title = {Reachability Analysis of Nonlinear Systems using
                  Conservative Polynomialization and Non-Convex Sets},
	Year = {2013}}

@article{Fazal:2013,
	Author = {Fazal, Qaisra and Neumaier, Arnold},
	Journal = {Soft Computing},
	Number = {8},
	Pages = {1345-1356},
	Title = {Error bounds for initial value problems by optimization},
	Volume = {17},
	Year = {2013}}

@techreport{RuKas14,
	Author = {Rump, Siegfried M. and Kashiwagi, Masahide},
	Institution = {Under submission},
	Title = {Implementation and improvements of affine arithmetic},
	Year = {2014}}

@article{Bartha2014903,
	Author = {Bartha, Ferenc A. and Munthe-Kaas, Hans Z.},
	Journal = {Discrete and Continuous Dynamical Systems},
	Number = {3},
	Pages = {903-914},
	Title = {Computing of {B}-series by automatic differentiation},
	Volume = {34},
	Year = {2014}}

@article{Dzetkulic:2015fk,
	Author = {Dzetkuli{\v c}, Tom{\'a}{\v s}},
	Journal = {Numerical Algorithms},
	Number = {1},
	Pages = {183-205},
	Title = {Rigorous integration of non-linear ordinary
                  differential equations in {Chebyshev} basis},
	Volume = {69},
	Year = {2015}}

@techreport{report,
	Author = {Alexandre dit Sandretto, Julien and Chapoutot, Alexandre},
	Institution = {{ENSTA ParisTech}},
	Title = {{Validated Solution of Initial Value Problem for
                  Ordinary Differential Equations based on Explicit
                  and Implicit Runge-Kutta Schemes}},
	Type = {Research Report},
	Year = {2015}}

@unpublished{dynibex,
	Author = {Alexandre dit\ Sandretto, Julien and Chapoutot, Alexandre},
	Note = {http://perso.ensta-paristech.fr/~chapoutot/dynibex/},
	Title = {DynIbex library},
	Year = {2015}}

@inproceedings{alexandre_pi,
	Author = {Alexandre dit Sandretto, Julien and Chapoutot,
                  Alexandre and Mullier, Olivier},
	Booktitle = {Synthesis of Complex Parameters},
	Pages = {91--102},
	Publisher = {Schloss Dagstuhl--Leibniz-Zentrum fuer Informatik},
	Series = {OpenAccess Series in Informatics (OASIcs)},
	Title = {{Tuning PI controller in non-linear uncertain
                  closed-loop systems with interval analysis}},
	Volume = {44},
	Year = {2015}}


@misc{CAPD,
	Author = {{{CAPD} - {C}omputer {A}ssisted {P}roofs in
                  {D}ynamics group, a C++ package for rigorous
                  numerics}},
	Title = { http://capd.wsb-nlu.edu.pl}}

	@Article{cruz_csdp_2004,
 author = {Jorge Cruz and Pedro Barahona },
 title = {Constraint Reasoning over Differential Equations},
 journal = {Applied Numerical Analysis and Computational Mathematics},
 year = {2004},
}

@article{fribourg2014finite,
  title={Finite controlled invariants for sampled switched systems},
  author={Fribourg, Laurent and K{\"u}hne, Ulrich and Soulat, Romain},
  journal={Formal Methods in System Design},
  volume={45},
  number={3},
  pages={303--329},
  year={2014},
  publisher={Springer}
}

@inproceedings{meyer2014ecc,
  title={Experimental Implementation of {UFAD} Regulation based on Robust Controlled Invariance},
  author={Meyer, Pierre-Jean and Nazarpour, Hosein and Girard, Antoine and Witrant, Emmanuel},
  booktitle={European Control Conference},
  pages={1468--1473},
  year={2014},
}

@article{liu2013synthesis,
  title={Synthesis of reactive switching protocols from temporal logic specifications},
  author={Liu, Jun and Ozay, Necmiye and Topcu, Ufuk and Murray, Richard M.},
  journal={Automatic Control, IEEE Transactions on},
  volume={58},
  number={7},
  pages={1771--1785},
  year={2013},
  publisher={IEEE}
}

@phdthesis{meyer:tel-01232640,
  TITLE = {{Invariance and symbolic control of cooperative systems for temperature regulation in intelligent buildings}},
  AUTHOR = {Meyer, Pierre-Jean},
  NUMBER = {2015GREAT076},
  SCHOOL = {{Universit{\'e} Grenoble Alpes}},
  YEAR = {2015},
  MONTH = Sep,
  KEYWORDS = {Cooperative system ; Robust controlled invariance ; Abstraction-based synthesis ; Compositional synthesis ; Intelligent building ; Syst{\`e}me coop{\'e}ratif ; Invariance contr{\^o}l{\'e}e robuste ; Synth{\`e}se {\`a} base d'abstraction ; Synth{\`e}se compositionnelle ; B{\^a}timent intelligent},
  TYPE = {Theses},
  HAL_ID = {tel-01232640},
  HAL_VERSION = {v1},
}

@inproceedings{beccuti2005optimal,
  title={Optimal control of the boost {DC-DC} converter},
  author={Beccuti, Andrea Giovanni and Papafotiou, Georgios and
                  Morari, Manfred},
  booktitle={Decision and Control, 2005 and 2005 European Control Conference. CDC-ECC'05. 44th IEEE Conference on},
  pages={4457--4462},
  year={2005},
  organization={IEEE}
}

@incollection{immler2015verified,
  title={Verified reachability analysis of continuous systems},
  author={Immler, Fabian},
  booktitle={Tools and Algorithms for the Construction and Analysis of Systems},
  pages={37--51},
  year={2015},
  volume={9035},
  series={LNCS},
  publisher={Springer}
}

@inproceedings{althoff2013reachability,
  title={Reachability analysis of nonlinear systems using conservative polynomialization and non-convex sets},
  author={Althoff, Matthias},
  booktitle={Proceedings of the 16th international conference on Hybrid systems: computation and control},
  pages={173--182},
  year={2013},
  organization={ACM}
}


@inproceedings{chen2013flow,
  title={Flow*: An analyzer for non-linear hybrid systems},
  author={Chen, Xin and {\'A}brah{\'a}m, Erika and Sankaranarayanan, Sriram},
  booktitle={Computer Aided Verification},
  pages={258--263},
  year={2013},
  organization={Springer}
}

@article{franzle2007efficient,
  title={Efficient solving of large non-linear arithmetic constraint systems with complex boolean structure},
  author={Franzle, Martin and Herde, Christian and Teige, Tino and Ratschan, Stefan and Schubert, Tobias},
  journal={Journal on Satisfiability, Boolean Modeling and Computation},
  volume={1},
  pages={209--236},
  year={2007}
}

@inproceedings{frehse2011spaceex,
  title={{SpaceEx}: Scalable verification of hybrid systems},
  author={Frehse, Goran and Le Guernic, Colas and Donz{\'e}, Alexandre and Cotton, Scott and Ray, Rajarshi and Lebeltel, Olivier and Ripado, Rodolfo and Girard, Antoine and Dang, Thao and Maler, Oded},
  booktitle={Computer Aided Verification},
  pages={379--395},
  year={2011},
  volume={6806},
  series={LNCS},
  organization={Springer}
}

@incollection{girard2005reachability,
  title={Reachability of uncertain linear systems using zonotopes},
  author={Girard, Antoine},
  booktitle={Hybrid Systems: Computation and Control},
  pages={291--305},
  year={2005},
  publisher={Springer}
}

@book{liberzon2012switching,
  title={Switching in systems and control},
  author={Liberzon, Daniel},
  year={2012},
  publisher={Springer}
}

@incollection{eggers2008sat,
  title={{SAT} modulo {ODE}: A direct {SAT} approach to hybrid systems},
  author={Eggers, Andreas and Fr{\"a}nzle, Martin and Herde, Christian},
  booktitle={Automated Technology for Verification and Analysis},
  pages={171--185},
  year={2008},
  volume={5311},
  series={LNCS},
  publisher={Springer}
}

@unpublished{ulrich,
	Author = {K\"uhne, Ulrich and Soulat, Romain},
	Note = {https://bitbucket.org/ukuehne/minimator/overview},
	Title = {MINIMATOR 1.0},
	Year = {2015}}


@Inbook{Mazo2010,
author={Mazo, Manuel
and Davitian, Anna
and Tabuada, Paulo},
title={{PESSOA}: A Tool for Embedded Controller Synthesis},
bookTitle={Conference on Computer Aided Verification},
year={2010},
publisher={Springer},
volume={6174},
series={LNCS},
pages={566--569},
}

@inproceedings{SCOTS,
 author = {Rungger, Matthias and Zamani, Majid},
 title = {{SCOTS}: A Tool for the Synthesis of Symbolic Controllers},
 booktitle = {Proceedings of the 19th International Conference on Hybrid Systems: Computation and Control},
 year = {2016},
 pages = {99--104},
 publisher = {ACM},
}

@article{le2016control,
  title={Control of mechanical systems using set based methods},
  author={Le Co{\"e}nt, Adrien and de Vuyst, Florian and Rey, Christian and Chamoin, Ludovic and Fribourg, Laurent},
  journal={International Journal of Dynamics and Control},
  pages={1--17},
  year={2016},
  publisher={Springer}
}


@inproceedings{LeCoent2016,
author={Le Co{\"e}nt, Adrien
and Fribourg, Laurent
and Markey, Nicolas
and de Vuyst, Florian
and Chamoin, Ludovic},
title={Distributed Synthesis of State-Dependent Switching Control},
bookTitle={Workshop on Reachability Problems},
year={2016},
publisher={Springer},
pages={119--133},
volume={9899},
series={LNCS},
}

@article{sangiovanni2012taming,
  title={Taming Dr. Frankenstein: Contract-based design for cyber-physical systems},
  author={Sangiovanni-Vincentelli, Alberto and Damm, Werner and Passerone, Roberto},
  journal={European journal of control},
  volume={18},
  number={3},
  pages={217--238},
  year={2012},
  publisher={Elsevier}
}


@article{zamani2012symbolic,
  title={Symbolic models for nonlinear control systems without stability assumptions},
  author={Zamani, Majid and Pola, Giordano and Mazo, Manuel and Tabuada, Paulo},
  journal={IEEE Transactions on Automatic Control},
  volume={57},
  number={7},
  pages={1804--1809},
  year={2012},
  publisher={IEEE}
}

@article{reissig2015feedback,
  title={Feedback refinement relations for the synthesis of symbolic controllers},
  author={Reissig, Gunther and Weber, Alexander and Rungger, Matthias},
  journal={arXiv preprint arXiv:1503.03715},
  year={2015}
}

@article{girard2010approximately,
  title={Approximately bisimilar symbolic models for incrementally stable switched systems},
  author={Girard, Antoine and Pola, Giordano and Tabuada, Paulo},
  journal={IEEE Transactions on Automatic Control},
  volume={55},
  number={1},
  pages={116--126},
  year={2010},
  publisher={IEEE}
}

@book{tabuada2009verification,
  title={Verification and control of hybrid systems: a symbolic approach},
  author={Tabuada, Paulo},
  year={2009},
  publisher={Springer Science \& Business Media}
}

@Article{alexandre2016validated,
 author = {Alexandre dit Sandretto, Julien and Chapoutot, Alexandre},
 title = {Validated Explicit and Implicit Runge-Kutta Methods},
 journal = {Reliable Computing},
 year = {2016},
 volume={22},
 pages={79-103}
}


@INPROCEEDINGS{NL_minimator,
author={Le Co{\"e}nt, Adrien and Alexandre dit Sandretto, Julien and Chapoutot, Alexandre and Fribourg, Laurent},
booktitle={Workshop on Symbolic and Numerical Methods for Reachability Analysis},
title={Control of nonlinear switched systems based on validated simulation},
year={2016},
publisher={IEEE},
pages={1-6},
}

@book{astrom2010feedback,
  title={Feedback systems: an introduction for scientists and engineers},
  author={Astr{\"o}m, Karl Johan and Murray, Richard M.},
  year={2010},
  publisher={Princeton university press}
}
