@article{Tong-Zhou-Wang-Mou14,
  author    = {D. Tong and W. Zhou and A. Dai and H. Wang and X. Mou and Y. Xu},
  title     = {$H_{\infty}$ model reduction for the distillation column linear system},
  journal   = {Circuits Syst Signal Process},
  volume    = {},
  number    = {},
  year      = {2014},
  pages     = {},
  bibsource = {DBLP, http://dblp.uni-trier.de},
}

@article{Moore81,
  author    = {B. C. Moore},
  title     = {Principal component analysis in linear systems: Controllability, observability and model reduction},
  journal   = {IEEE Transaction on Automatic Control},
  volume    = {26},
  number    = {1},
  year      = {1981},
  pages     = {},
  bibsource = {DBLP, http://dblp.uni-trier.de},
}

@article{Antoulas-Sorensen-Gugercin00,
  author    = {A. Antoulas and D. C. Sorensen and S. Gugercin},
  title     = {A survey of model reduction methods for large-scale systems},
  journal   = {Contemporary Mathematics},
  volume    = {280},
  number    = {},
  year      = {2000},
  pages     = {193-219},
  bibsource = {DBLP, http://dblp.uni-trier.de},
}

@inproceedings{Han-Krogh04,
  author    = {Z. Han and B. H. Krogh},
  title     = {Reachability analysis of hybrid systems using reduced-order models},
  booktitle = {American Control Conference},
 publisher = {IEEE},
  series    = {},
  volume    = {},
  year      = {2004},
  pages     = {1183-1189},
  crossref  = {DBLP:conf/hybrid/2005},
  bibsource = {DBLP, http://dblp.uni-trier.de},
}

@inproceedings{Girard05,
  author    = {Girard, A.},
  title     = {Reachability of Uncertain Linear Systems Using Zonotopes},
  booktitle = {HSCC},
 publisher = {Springer},
  series    = {Lecture Notes in Computer Science},
  volume    = {3414},
  year      = {2005},
  pages     = {291-305},
  crossref  = {DBLP:conf/hybrid/2005},
  bibsource = {DBLP, http://dblp.uni-trier.de},
}

@article{PicassoB07,
  author    = {B. Picasso and
               A. Bicchi},
  title     = {On the Stabilization of Linear Systems Under Assigned I/O
               Quantization},
  journal   = {IEEE Trans. Automat. Contr.},
  volume    = {52},
  number    = {10},
  year      = {2007},
  pages     = {1994-2000},
  bibsource = {DBLP, http://dblp.uni-trier.de},
}

@inproceedings{FS-rp13,
  	address =	{Uppsala, Sweden},
  	author =	{Fribourg, L. and Soulat, R.},
  	booktitle =	{{P}roceedings of the 7th {W}orkshop on {R}eachability {P}roblems in {C}omputational {M}odels ({RP}'13)},
  	doi =	{10.1007/978-3-642-41036-9\_13},
  	editor =	{Abdulla, Parosh Aziz and Potapov, Igor},
  	month =	sep,
  	pages =	{135-145},
  	publisher =	{Springer},
  	series =	{Lecture Notes in Computer Science},
  	title =	{Stability Controllers for Sampled Switched Systems},
  	volume =	{8169},
  	year =	{2013},
}

@misc{octave,
    key="Oct",
    title = {{Octave} {W}eb Page},
    howpublished = "{http://www.gnu.org/software/octave/}"
}

@inproceedings{benner2010balanced,
  title={Balanced truncation model order reduction for LTI systems with many inputs or outputs},
  author={Benner, P. and Schneider, A.},
  booktitle={Proceedings of the 19th international symposium on mathematical theory of networks and systems--MTNS},
  volume={5},
  number={9},
  year={2010},
}

@article{Antoulas2001,
abstract = {In this paper we review the state of affairs in the area of approximation of large-scale systems. We distinguish three basic categories, namely the SVD-based, the Krylov-based and the SVD-Krylov-based approximation methods. The first two were developed independently of each other and have distinct sets of attributes and drawbacks. The third approach seeks to combine the best attributes of the first two.},
author = {Antoulas, A. and Sorensen, D. C.},
journal = {International Journal of Applied Mathematics and Computer Science},
keywords = {SVD; Krylov; model reduction; Hankel; balancing; singular value decomposition; Krylov-based approximation; approximation of large-scale systems},
language = {eng},
number = {5},
pages = {1093-1121},
publisher = {University of Zielona Gora Press},
title = {Approximation of large-scale dynamical systems: an overview},
volume = {11},
year = {2001},
}



@article{benner2008numerical,
  title={Numerical solution of large-scale Lyapunov equations, Riccati equations, and linear-quadratic optimal control problems},
  author={Benner, P. and Li, J.-R. and Penzl, T.},
  journal={Numerical Linear Algebra with Applications},
  volume={15},
  number={9},
  pages={755--777},
  year={2008},
  publisher={Wiley Online Library},
}

@book{FS-book13,
  	author = {Fribourg, L. and Soulat, R.},
  	month =	jul,
  	note =	{144~pages},
  	publisher =	{Wiley-ISTE},
  	title =	{Control of Switching Systems by Invariance Analysis: Application to Power Electronics},
  	year =	{2013},
}



@article{EKF,
  title={Stochastic stability of the discrete-time extended Kalman filter},
  author={Reif, K. and G{\"u}nther, S. and Yaz Sr., E. and Unbehauen, R.},
  journal={IEEE Transactions on Automatic Control},
  volume={44},
  number={4},
  pages={714--728},
  year={1999},
  publisher={Institute of Electrical and Electronics Engineers},
}

@book{AKF,
  title={Advanced Kalman filtering, least-squares and modeling: a practical handbook},
  author={Gibbs, B. P.},
  year={2011},
  publisher={John Wiley \& Sons},
}

@article{FKS-safety,
  	author =	{Fribourg, L. and K{\"u}hne, U. and Soulat, R.},
  	DOI =	{10.1007/s10703-014-0211-2},
  	journal =	{Formal Methods in System Design},
  	month =	dec,
  	number =	{3},
  	pages =	{303-329},
  	publisher =	{Springer},
  	title =	{Finite Controlled Invariants for Sampled Switched Systems},
  	volume =	{45},
  	year =	{2014},
}

@InProceedings {MPT3,
    author={M. Herceg and M. Kvasnica and C.N. Jones and M. Morari},
    title={{Multi-Parametric Toolbox 3.0}},
    booktitle={Proc.~of the European Control Conference},
    year={2013},
    address={Z\"urich, Switzerland},
    month={July 17--19},
    pages = {502--510},
}

@incollection{PESSOA,
year={2010},
isbn={978-3-642-14294-9},
booktitle={Computer Aided Verification},
volume={6174},
series={Lecture Notes in Computer Science},
editor={Touili, T. and Cook, B. and Jackson, P.},
doi={10.1007/978-3-642-14295-6\_49},
title={PESSOA: A Tool for Embedded Controller Synthesis},
publisher={Springer Berlin Heidelberg},
author={Mazo Jr., M.  and Davitian, A. and Tabuada, P.},
pages={566-569},
language={English},
}

@inproceedings{CoSyMA,
  TITLE = {{CoSyMA: a tool for controller synthesis using multi-scale abstractions}},
  AUTHOR = {Mouelhi, S. and Girard, A. and Goessler, G.},
  BOOKTITLE = {{HSCC'13 - 16th International Conference on Hybrid systems: computation and control}},
  ADDRESS = {Philadelphie, United States},
  PUBLISHER = {{ACM}},
  PAGES = {83-88},
  YEAR = {2013},
  MONTH = Apr,
  DOI = {10.1145/2461328.2461343},
  HAL_ID = {hal-00839613},
  HAL_VERSION = {v1},
}

@ARTICLE{ASA00,
author={Asarin, E. and Bournez, O. and Thao, D. and Maler, O. and Pnueli, A.},
journal={Proceedings of the IEEE},
title={Effective synthesis of switching controllers for linear systems},
year={2000},
month={July},
volume={88},
number={7},
pages={1011-1025},
keywords={control system synthesis;controllability;iterative methods;linear differential equations;linear systems;reachability analysis;variable structure systems;continuous systems;effective switching controller synthesis;hybrid systems;iterative computation;linear differential equations;linear systems;reachability analysis;reachable states;Concrete;Control system synthesis;Control systems;Differential equations;Iterative algorithms;Linear systems;Mathematical model;Mathematics;Signal sampling;Switches},
doi={10.1109/5.871306},
ISSN={0018-9219},}

@inproceedings{GIR10a,
  title={Synthesis using approximately bisimilar abstractions: state-feedback controllers for safety specifications},
  author={Girard, A.},
  booktitle={Proceedings of the 13th ACM international conference on Hybrid systems: computation and control},
  pages={111--120},
  year={2010},
  organization={ACM}
}

@ARTICLE{GIR10b,
author={Girard, A. and Pola, G. and Tabuada, P.},
journal={Automatic Control, IEEE Transactions on},
title={Approximately Bisimilar Symbolic Models for Incrementally Stable Switched Systems},
year={2010},
month={Jan},
volume={55},
number={1},
pages={116-126},
keywords={Lyapunov methods;control system synthesis;stability;time-varying systems;approximately bisimilar symbolic models;boost dc-dc converter;controller synthesis problems;finite symbolic model;incrementally stable switched systems;Asymptotic stability;Control system synthesis;Control systems;Engineering profession;Fault diagnosis;Lyapunov method;Signal synthesis;Software systems;Stability;Switched systems;Switching converters;Systems engineering and theory;Approximate bisimulation;finite controllers;switched systems},
doi={10.1109/TAC.2009.2034922},
ISSN={0018-9286},}

@book{TAB09,
  title={Verification and control of hybrid systems: a symbolic approach},
  author={Tabuada, P.},
  year={2009},
  publisher={Springer Science \& Business Media},
}

@article{BLA99,
title = "Set invariance in control ",
journal = "Automatica ",
volume = "35",
number = "11",
pages = "1747 - 1767",
year = "1999",
note = "",
issn = "0005-1098",
author = "F. Blanchini",
keywords = "Invariant sets",
keywords = "Lyapunov functions",
keywords = "Stability",
keywords = "Control synthesis",
keywords = "Constrained control "
}

@inproceedings{ALT08,
  title={Verification of uncertain embedded systems by computing reachable sets based on zonotopes},
  author={Althoff, M. and Stursberg, O. and Buss, M.},
}

@article{nong2009parameter,
  title={A parameter free ADI-like method for the numerical solution of large scale Lyapunov equations},
  author={Nong, R. and Sorensen, D. C.},
  year={2009}
}

@incollection{cordier_POD,
  TITLE = {{Proper Orthogonal Decomposition: an overview}},
  AUTHOR = {Cordier, L. and Bergmann, M.},
  URL = {https://hal.archives-ouvertes.fr/hal-00417819},
  BOOKTITLE = {{Lecture series 2002-04, 2003-03 and 2008-01 on post-processing of experimental and numerical data, Von Karman Institute for Fluid Dynamics, 2008.}},
  PUBLISHER = {{VKI}},
  PAGES = {46 pages},
  YEAR = {2008},
  HAL_ID = {hal-00417819},
  HAL_VERSION = {v1},
}

@article{POD1,
year={2005},
issn={0924-090X},
journal={Nonlinear Dynamics},
volume={41},
number={1-3},
doi={10.1007/s11071-005-2803-2},
title={The Method of Proper Orthogonal Decomposition for Dynamical Characterization and Order Reduction of Mechanical Systems: An Overview},
url={http://dx.doi.org/10.1007/s11071-005-2803-2},
publisher={Kluwer Academic Publishers},
keywords={dynamic characterization; order reduction; proper orthogonal decomposition},
author={Kerschen, G. and Golinval, J.-C. and Vakakis, A. and Bergman, L.},
pages={147-169},
language={English}
}

@ARTICLE{Willcox02,
    author = {K. Willcox and J. Peraire},
    title = {Balanced model reduction via the proper orthogonal decomposition},
    journal = {AIAA Journal},
    year = {2002},
    pages = {2323--2330}
}

@article{ji2014semi,
  title={Semi-active vibration control of an aircraft panel using synchronized switch damping method},
  author={Ji, H. and Qiu, J. and Nie, H. and Cheng, L.},
  journal={International Journal of Applied Electromagnetics and Mechanics},
  volume={46},
  number={4},
  year={2014},
  publisher={IOS Press}
}


@ARTICLE{hagood1991,
   author = {{Hagood}, N.~W. and {von Flotow}, A.},
    title = "{Damping of structural vibrations with piezoelectric materials and passive electrical networks}",
  journal = {Journal of Sound Vibration},
     year = 1991,
    month = apr,
   volume = 146,
    pages = {243-268},
      doi = {10.1016/0022-460X(91)90762-9},
   adsurl = {http://adsabs.harvard.edu/abs/1991JSV...146..243H},
  adsnote = {Provided by the SAO/NASA Astrophysics Data System}
}

@book{moheimani2006,
  title={Piezoelectric transducers for vibration control and damping},
  author={Moheimani, S.O. R. and Fleming, A.J.},
  year={2006},
  publisher={Springer Science \& Business Media},
}

@incollection{han_krogh_06,
year={2006},
isbn={978-3-540-33170-4},
booktitle={Hybrid Systems: Computation and Control},
volume={3927},
series={Lecture Notes in Computer Science},
editor={Hespanha, J. and Tiwari, A.},
doi={10.1007/11730637_23},
title={Reachability Analysis of Large-Scale Affine Systems Using Low-Dimensional Polytopes},
doi={10.1007/11730637$\_$23},
publisher={Springer Berlin Heidelberg},
author={Han, Z. and Krogh, B. H.},
pages={287-301},
language={English},
}

@article{ELO1987,
  title={The extended Luenberger observer for nonlinear systems},
  author={Zeitz, M.},
  journal={Systems \& Control Letters},
  volume={9},
  number={2},
  pages={149--156},
  year={1987},
  publisher={Elsevier},
}

@incollection{alessandri2001,
  title={Design of Luenberger observers for a class of hybrid linear systems},
  author={Alessandri, A. and Coletta, P.},
  booktitle={Hybrid systems: computation and control},
  pages={7--18},
  year={2001},
  publisher={Springer},
}

@article{alessandri2007luenberger,
  title={Luenberger observers for switching discrete-time linear systems},
  author={Alessandri, A. and Baglietto, M. and Battistelli, G.},
  journal={International Journal of Control},
  volume={80},
  number={12},
  pages={1931--1943},
  year={2007},
  publisher={Taylor \& Francis},
}

@article{serres2011convergence,
  title={On the convergence of linear switched systems},
  author={Serres, U. and Vivalda, J.-C. and Riedinger, P.},
  journal={IEEE Transactions on Automatic Control},
  volume={56},
  number={2},
  pages={320--332},
  year={2011},
}

@article {Riedinger-Sigalotti-Daafouz2010,
    AUTHOR = {Riedinger, P. and Sigalotti, M. and Daafouz, J.},
     TITLE = {On the algebraic characterization of invariant sets of
              switched linear systems},
   JOURNAL = {Automatica J. IFAC},
  FJOURNAL = {Automatica. A Journal of IFAC, the International Federation of
              Automatic Control},
    VOLUME = {46},
      YEAR = {2010},
    NUMBER = {6},
     PAGES = {1047--1052},
      ISSN = {0005-1098},
     CODEN = {ATCAA9},
   MRCLASS = {93B25 (93C30 93D05)},
  MRNUMBER = {2877186 (2012m:93104)},
       DOI = {10.1016/j.automatica.2010.03.001},
       URL = {http://dx.doi.org/10.1016/j.automatica.2010.03.001},
}

@article {Moussa-Jouan2011,
    AUTHOR = {Balde, M. and Jouan, P.},
     TITLE = {Geometry of the limit sets of linear switched systems},
   JOURNAL = {SIAM J. Control Optim.},
  FJOURNAL = {SIAM Journal on Control and Optimization},
    VOLUME = {49},
      YEAR = {2011},
    NUMBER = {3},
     PAGES = {1048--1063},
      ISSN = {0363-0129},
     CODEN = {SJCODC},
   MRCLASS = {93D20 (37N35 93C30)},
  MRNUMBER = {2806574 (2012e:93136)},
MRREVIEWER = {Peng Nian Chen},
       DOI = {10.1137/100793153},
       URL = {http://dx.doi.org/10.1137/100793153},
}

@article{chinesta2011short,
  title={A short review on model order reduction based on proper generalized decomposition},
  author={Chinesta, F. and Ladeveze, P. and Cueto, E.},
  journal={Archives of Computational Methods in Engineering},
  volume={18},
  number={4},
  pages={395--404},
  year={2011},
  publisher={Springer},
}

@article{formosa,
  title={Contr\^ole actif des vibrations des structures type poutre},
  author={Formosa, F.},
  journal={Private report},
}

@article{shahruz1998,
  title={Boundary control of the axially moving Kirchhoff string},
  author={Shahruz, S. M.},
  journal={Automatica},
  volume={34},
  number={10},
  pages={1273--1277},
  year={1998},
  publisher={Elsevier},
}

@article{azam1994nonlinear,
  title={Nonlinear rotational maneuver and vibration damping of NASA SCOLE system},
  author={Azam, M. and Singh, S. N. and Iyer, A. and Kakad, Y.P.},
  journal={Acta Astronautica},
  volume={32},
  number={3},
  pages={211--220},
  year={1994},
  publisher={Elsevier},
}

@article{clark2000vibration,
  title={Vibration control with state-switched piezoelectric materials},
  author={Clark, W.},
  journal={Journal of intelligent material systems and structures},
  volume={11},
  number={4},
  pages={263--271},
  year={2000},
  publisher={Sage Publications},
}

@inproceedings{ramaratnam2004semi,
  title={Semi-active vibration control using piezoelectric-based switched stiffness},
  author={Ramaratnam, A. and Jalili, N. and Dawson, D. M.},
  booktitle={American Control Conference, 2004. Proceedings of the 2004},
  volume={6},
  pages={5461--5466},
  year={2004},
  organization={IEEE},
}


@article{gunawan2001comparison,
  title={Comparison of theoretical and computational characteristics of dimensionality reduction methods for large-scale uncertain systems},
  author={Gunawan, R. and Russell, E. L. and Braatz, R. D.},
  journal={Journal of Process Control},
  volume={11},
  number={5},
  pages={543--552},
  year={2001},
  publisher={Elsevier},
}

@article{salah2015synthesis,
  title={Synthesis of a robust controller with reduced dimension by the Loop Shaping Design Procedure and decomposition based on Laguerre functions},
  author={Salah, A. A. H. and Garna, T. and Ragot, J. and Messaoud, H.},
  journal={Transactions of the Institute of Measurement and Control},
  pages={0142331215583101},
  year={2015},
  publisher={SAGE Publications},
}

@article{roweis2000nonlinear,
  title={Nonlinear dimensionality reduction by locally linear embedding},
  author={Roweis, S. T. and Saul, L. K.},
  journal={Science},
  volume={290},
  number={5500},
  pages={2323--2326},
  year={2000},
  publisher={American Association for the Advancement of Science},
}

@article{lecoent15,
  title={Guaranteed Control of Switched Control Systems Using Model Order Reduction and State-Space Bisection},
  author={Le Co\"ent, A. and de Vusyt, F. and Rey, C. and Chamoin, L. and Fribourg, L.},
  journal={Open Acces Series in Informatics},
  year={2015},
}


