@inproceedings{Girard05,
  author    = {Antoine Girard},
  title     = {Reachability of Uncertain Linear Systems Using Zonotopes},
  booktitle = {Hybrid Systems: Computation and Control, 8th International Workshop,
               {HSCC} 2005, Zurich, Switzerland, March 9-11, 2005, Proceedings},
  pages     = {291--305},
  year      = {2005},
}


@inproceedings{KhatibGD16,
  author    = {Mohammad Al Khatib and
               Antoine Girard and
               Thao Dang},
  title     = {Verification and Synthesis of Timing Contracts for Embedded Controllers},
  booktitle = {Proceedings of the 19th International Conference on Hybrid Systems:
               Computation and Control, {HSCC} 2016, Vienna, Austria, April 12-14,
               2016},
  pages     = {115--124},
  year      = {2016},
  doi       = {10.1145/2883817.2883827},
}



@inproceedings{KimAS15,
  author    = {Eric S. Kim and
               Murat Arcak and
               Sanjit A. Seshia},
  title     = {Compositional controller synthesis for vehicular traffic networks},
  booktitle = {54th {IEEE} Conference on Decision and Control, {CDC} 2015, Osaka,
               Japan, December 15-18, 2015},
  pages     = {6165--6171},
  year      = {2015},
  doi       = {10.1109/CDC.2015.7403189},
  timestamp = {Thu, 18 Feb 2016 19:33:11 +0100},
  biburl    = {http://dblp.uni-trier.de/rec/bib/conf/cdc/KimAS15},
  bibsource = {dblp computer science bibliography, http://dblp.org}
}



@article{Sangiovanni-VincentelliDP12,
  added-at = {2012-11-06T00:00:00.000+0100},
  author = {Sangiovanni-Vincentelli, Alberto L. and Damm, Werner and Passerone, Roberto},
  biburl = {http://www.bibsonomy.org/bibtex/2b5bb1119a3761b3ded70b53cab31ac7c/dblp},
  ee = {http://dx.doi.org/10.3166/ejc.18.217-238},
  interhash = {bfdf1df55f32dd0a940d801cd946af14},
journal = {Eur. J. Control},
  keywords = {dblp},
  number = 3,
  pages = {217-238},
  timestamp = {2012-11-07T11:40:41.000+0100},
  title = {Taming Dr. Frankenstein: Contract-Based Design for Cyber-Physical Systems.},
  volume = 18,
  year = 2012,
}

@inproceedings{DallalT15,
  author    = {Eric Dallal and
               Paulo Tabuada},
  title     = {On compositional symbolic controller synthesis inspired by small-gain
               theorems},
  booktitle = {54th {IEEE} Conference on Decision and Control, {CDC} 2015, Osaka,
               Japan, December 15-18, 2015},
  pages     = {6133--6138},
  year      = {2015},
  crossref  = {DBLP:conf/cdc/2015},
  url       = {http://dx.doi.org/10.1109/CDC.2015.7403184},
  doi       = {10.1109/CDC.2015.7403184},
  timestamp = {Thu, 18 Feb 2016 14:14:07 +0100},
  biburl    = {http://dblp.uni-trier.de/rec/bib/conf/cdc/DallalT15},
  bibsource = {dblp computer science bibliography, http://dblp.org}
}
@proceedings{DBLP:conf/cdc/2015,
  title     = {54th {IEEE} Conference on Decision and Control, {CDC} 2015, Osaka,
               Japan, December 15-18, 2015},
  publisher = {{IEEE}},
  year      = {2015},
  url       = {http://ieeexplore.ieee.org/xpl/mostRecentIssue.jsp?punumber=7396016},
  isbn      = {978-1-4799-7886-1},
  timestamp = {Thu, 18 Feb 2016 14:14:07 +0100},
  biburl    = {http://dblp.uni-trier.de/rec/bib/conf/cdc/2015},
  bibsource = {dblp computer science bibliography, http://dblp.org}
}


@inproceedings{BogomolovFGGPPS14,
  author    = {Sergiy Bogomolov and
               Goran Frehse and
               Marius Greitschus and
               Radu Grosu and
               Corina S. Pasareanu and
               Andreas Podelski and
               Thomas Strump},
  title     = {Assume-Guarantee Abstraction Refinement Meets Hybrid Systems},
  booktitle = {Hardware and Software: Verification and Testing - 10th International
               Haifa Verification Conference, {HVC} 2014, Haifa, Israel, November
               18-20, 2014. Proceedings},
  pages     = {116--131},
  year      = {2014},
  timestamp = {Mon, 03 Nov 2014 14:03:59 +0100},
  biburl    = {http://dblp.uni-trier.de/rec/bib/conf/hvc/BogomolovFGGPPS14},
  bibsource = {dblp computer science bibliography, http://dblp.org}
}



@inproceedings{SmithNO16,
  author    = {Stanley W. Smith and
               Petter Nilsson and
               Necmiye Ozay},
  title     = {Interdependence quantification for compositional control synthesis
               with an application in vehicle safety systems},
  booktitle = {55th {IEEE} Conference on Decision and Control, {CDC} 2016, Las Vegas,
               NV, USA, December 12-14, 2016},
  pages     = {5700--5707},
  year      = {2016},
  doi       = {10.1109/CDC.2016.7799145},
  timestamp = {Tue, 03 Jan 2017 15:16:45 +0100},
  biburl    = {http://dblp2.uni-trier.de/rec/bib/conf/cdc/SmithNO16},
  bibsource = {dblp computer science bibliography, http://dblp.org}
}

@proceedings{DBLP:conf/cdc/2016,
  title     = {55th {IEEE} Conference on Decision and Control, {CDC} 2016, Las Vegas,
               NV, USA, December 12-14, 2016},
  publisher = {{IEEE}},
  year      = {2016},
  url       = {http://ieeexplore.ieee.org/xpl/mostRecentIssue.jsp?punumber=7786694},
  isbn      = {978-1-5090-1837-6},
  timestamp = {Tue, 03 Jan 2017 12:13:39 +0100},
  biburl    = {http://dblp2.uni-trier.de/rec/bib/conf/cdc/2016},
  bibsource = {dblp computer science bibliography, http://dblp.org}
}





@inproceedings{girard2012low,
  title={Low-complexity switching controllers for safety using symbolic models},
  author={Girard, Antoine},
  booktitle={Proceedings of 4th IFAC Conference on Analysis and Design of Hybrid Systems},
  pages={82--87},
  year={2012}
}

@inproceedings{Mitchell07,
  author    = {Mitchell, Ian M.},
  title     = {Comparing Forward and Backward Reachability as Tools for Safety Analysis},
  booktitle = {{HSCC} 2007, Pisa, Italy, April 3-5, 2007, Proceedings},
  pages     = {428--443},
  year      = {2007},
}

@inproceedings{larsen2015online,
  title={Online and Compositional Learning of Controllers with Application to Floor Heating},
  author={Larsen, Kim G and Miku{\v{c}}ionis, Marius and Muniz, Marco and Srba, Jiri and Taankvist, Jakob Haahr},
  booktitle={Tools and Algorithms for Construction and Analysis of Systems (TACAS),22nd International Conference},
  year={2016}
}


@article{gillula2011applications,
  title={Applications of hybrid reachability analysis to robotic aerial vehicles},
  author={Gillula, Jeremy H and Hoffmann, Gabriel M and Huang, Haomiao and Vitus, Michael P and Tomlin, Claire},
  journal={The International Journal of Robotics Research},
  pages={0278364910387173},
  year={2011},
  publisher={Sage Publications}
}


@article{meyer2015safety,
  title={Safety control with performance guarantees of cooperative systems using compositional abstractions},
  author={Meyer, Pierre-Jean and Girard, Antoine and Witrant, Emmanuel},
  journal={IFAC-PapersOnLine},
  volume={48},
  number={27},
  pages={317--322},
  year={2015},
  publisher={Elsevier}
}

@book{liberzon2012switching,
  title={Switching in systems and control},
  author={Liberzon, Daniel},
  year={2012},
  publisher={Springer Science \& Business Media}
}

@book{jaulinbook,
  title={Applied Interval Analysis with Examples in Parameter and State Estimation, Robust Control and Robotics},
  author={Jaulin, L. and Kieffer, M. and Didrit, O. and Walter, E.},
  year={2001},
  publisher={Springer-Verlag}
}


@article{asarin2000effective,
  title={Effective synthesis of switching controllers for linear systems},
  author={Asarin, Eugene and Bournez, Olivier and Dang, Thao and Maler, Oded and Pnueli, Amir},
  journal={Proceedings of the IEEE},
  volume={88},
  number={7},
  pages={1011--1025},
  year={2000},
  publisher={IEEE}
}

@article{alur1999reactive,
  title={Reactive modules},
  author={Alur, Rajeev and Henzinger, Thomas A},
  journal={Formal Methods in System Design},
  volume={15},
  number={1},
  pages={7--48},
  year={1999},
  publisher={Springer}
}


@InProceedings{fribourg2015games,
  author ={Laurent Fribourg and Ulrich K{\"u}hne and Nicolas Markey},
  title ={{Game-based Synthesis of Distributed Controllers for Sampled Switched Systems}},
  booktitle ={2nd International Workshop on Synthesis of Complex Parameters (SynCoP'15)},
  pages ={48--62},
  series ={OpenAccess Series in Informatics (OASIcs)},
  ISBN ={978-3-939897-82-8},
  ISSN ={2190-6807},
  year ={2015},
  volume ={44},
  editor ={},
  address ={Dagstuhl, Germany},
  URL ={},
  URN ={},
  doi ={},
  annote ={Keywords: Cyber-physical systems, controller synthesis, games, robustness, partial observation}
}



@misc{octave,
key="Oct",
        title = {{Octave} {W}eb Page},
        howpublished = "{http://www.gnu.org/software/octave/}"
}


@article{fribourg2014finite,
  title={Finite controlled invariants for sampled switched systems},
  author={Fribourg, Laurent and K{\"u}hne, Ulrich and Soulat, Romain},
  journal={Formal Methods in System Design},
  volume={45},
  number={3},
  year={2014},
  publisher={Springer}
}


@unpublished{minimator,
	Author = {K\"uhne, Ulrich and Soulat, Romain},
	Note = {https://bitbucket.org/ukuehne/minimator/overview},
	Title = {MINIMATOR 1.0},
	Year = {2015}
}

@inproceedings{le2016control,
  title={Control of Nonlinear Switched Systems Based on Validated Simulation},
  author={Le Coent, Adrien and Sandretto, Julien Alexandre Dit and Chapoutot, Alexandre and Fribourg, Laurent},
  booktitle={International Workshop on Symbolic and Numerical Methods for Reachability Analysis (SNRâ€™16)},
  year={2016}
}


@inproceedings{meyer2014ecc,
  title={Experimental Implementation of {UFAD} Regulation based on Robust Controlled Invariance},
  author={Meyer, Pierre-Jean and Nazarpour, Hosein and Girard, Antoine and Witrant, Emmanuel},
  booktitle={Proceedings of the $13^{th}$ European Control Conference},
  pages={1468--1473},
  year={2014},
}

@phdthesis{meyer:tel-01232640,
  TITLE = {{Invariance and symbolic control of cooperative systems for temperature regulation in intelligent buildings}},
  AUTHOR = {Meyer, Pierre-Jean},
  NUMBER = {2015GREAT076},
  SCHOOL = {{Universit{\'e} Grenoble Alpes}},
  YEAR = {2015},
  MONTH = Sep,
  KEYWORDS = {Cooperative system ; Robust controlled invariance ; Abstraction-based synthesis ; Compositional synthesis ; Intelligent building ; Syst{\`e}me coop{\'e}ratif ; Invariance contr{\^o}l{\'e}e robuste ; Synth{\`e}se {\`a} base d'abstraction ; Synth{\`e}se compositionnelle ; B{\^a}timent intelligent},
  TYPE = {Theses},
  HAL_ID = {tel-01232640},
  HAL_VERSION = {v1},
}

@book{Moore66,
	Author = {Moore, Ramon},
	Publisher = {Prentice Hall},
	Title = {Interval Analysis},
	Year = {1966}}
	
@unpublished{dynibex,
	Author = {Alexandre~dit~Sandretto, Julien and Chapoutot, Alexandre},
	Note = {http://perso.ensta-paristech.fr/~chapoutot/dynibex/},
	Title = {DynIbex library},
	Year = {2015}}	

@article{dit2016validated,
  title={Validated explicit and implicit runge-kutta methods},
  author={dit Sandretto, Julien Alexandre and Chapoutot, Alexandre},
  journal={Reliable Computing},
  volume={22},
  pages={79--103},
  year={2016}
}

